@InProceedings{blark,
  author = 	 {Krauwer, Steven},
  title = 	 {The {B}asic {L}anguage {R}esource {K}it ({BLARK}) as the first milestone for the language resources roadmap},
  booktitle =    {Proceedings of {SPECOM} 2003},
  year = 	 {2003},
  address = 	 {Moscow}
}

@Book{parkvall2006,
  author = 	 {Mikael Parkvall},
  title = 	 {Limits of language},
  publisher = 	 {Battlebridge},
  year = 	 {2006},
  address = 	 {London}
}

@Misc{parkvall2009,
  author = 	 {Parkvall, Mikael},
  title = 	 {Sveriges språk -- vem talar vad och var? ({T}he languages of {S}weden. {W}ho speaks what and where?)},
  publisher =    {Stockholm: Stockholms universitet.},
  year = 	 {2009}
}

@Misc{falk2001,
  author = 	 {Falk, Maria},
  title = 	 {Domänförluster i svenskan ({D}omain loss in {S}wedish)},
  howpublished = {Utredning för Nordiska Ministerrådets språkpolitiska {\mbox{referensgrupp}} 
                  (Report to the Reference group on language policy of the Nordic Council of Ministers)},
  year = 	 {2001}
}

@InCollection{parkvall2010,
  author = 	 {Parkvall, Mikael},
  title = 	 {Invandrarspråk ({I}mmigrant languages)},
  booktitle = 	 {Språken i {S}verige (The languages of Sweden)},
  pages = 	 {142--147},
  publisher =    {Sveriges Nationalatlas},
  year = 	 {2010},
  editor = 	 {Dahl, Östen and Edlund, Lars-Erik},
  address = 	 {Stockholm}
}

@Misc{EC1,
  author =	 "Directorate-General
                  Information Society \& Media of the European
                  Commission",
  title =	 {{User Language
                  Preferences Online}},
  series =	 "Flash Eurobarometer",
  number =	 313,
  year =	 2011,
  note =
                  "\url{http://ec.europa.eu/public_opinion/flash/fl_313_en.pdf}"
}

@Misc{EC2,
  author =	 "European Commission",
  title =	 {{Multilingualism: an Asset
                  for Europe and a Shared Commitment}},
  year =	 2008,
  note =
                  "\url{http://ec.europa.eu/languages/pdf/comm2008_en.pdf}"
}

@Misc{EC3,
  title =	 {{Size of the
                  Language Industry in the EU}},
  year =	 2009,
  address =	 "Kingston Upon Thames",
  author =	 "Directorate-General for Translation
                  of the European Commission",
  note =
                  "\url{http://ec.europa.eu/dgs/translation/publications/studies}"
}

@Misc{Unesco1,
  title =	 {{Intersectoral
                  Mid-term Strategy on Languages and
                  Multilingualism}},
  year =	 2007,
  address =	 "Paris",
  author =	 "Directorate-General of the UNESCO",
  note =
                  "\url{http://unesdoc.unesco.org/images/0015/001503/150335e.pdf}"
}

@Article{zar1,
  author =	 {Jerrold H. Zar},
  title =	 {{Candidate for a Pullet Surprise}},
  journal =	 {Journal of Irreproducible Results},
  year =	 1994,
  pages =	 13
}

@Misc{spi1,
  author =	 "Spiegel Online",
  title =	 {{Google zieht weiter davon (Google is still leaving
                  everybody behind)}},
  year =	 2009,
  note =
                  "\url{http://www.spiegel.de/netzwelt/web/0,1518,619398,00.html}"
}

@Misc{pc1,
  title =	 {Google Rolls out Semantic Search
                  Capabilities},
  author =	 "Juan Carlos Perez",
  publisher =	 "PCWorld",
  year =	 2009,
  note =
                  "\url{http://www.pcworld.com/businesscenter/article/161869/google_rolls_out_semantic_search_capabilities.html}"
}

@InProceedings{bleu1,
  author =	 {Kishore Papineni and Salim Roukos and Todd Ward and Wei-Jing Zhu},
  title =	 {{BLEU: A Method for
                  Automatic Evaluation of Machine Translation}},
  booktitle =	 {Proceedings of the 40th Annual Meeting of ACL},
  year =	 2002,
  address =	 {Philadelphia, PA}
}

@InProceedings{euro1,
  author =	 {Philipp Koehn and Alexandra Birch and Ralf
                  Steinberger},
  title =	 {{462 Machine Translation Systems for Europe}},
  booktitle =	 {Proceedings of MT Summit XII},
  year =	 2009
}


@Book{jurafsky-martin01,
  author = 	 {Daniel Jurafsky and James H. Martin},
  title = 	 {{Speech and Language Processing (2nd Edition)}},
  publisher = 	 {Prentice Hall},
  year = 	 {2009}
}


@Book{manning-schuetze1,
  author = 	 {Christopher D. Manning and Hinrich Schütze},
  title = 	 {{Foundations of Statistical Natural Language Processing}},
  publisher = 	 {MIT Press},
  year = 	 {1999}
}


@Misc{lt-world1,
  author = 	 {DFKI},
  title = 	 {{Language Technology World (LT World)}},
  note =
                  "\url{http://www.lt-world.org/}"
}

@Book{lt-survey1,
  editor = 	 {Ronald Cole and Joseph Mariani and Hans Uszkoreit and Giovanni Battista Varile and Annie Zaenen and Antonio Zampolli},
  title = 	 {{Survey of the State of the Art in Human Language Technology (Studies in Natural Language Processing)}},
  publisher = 	 {Cambridge University Press},
  year = 	 {1998}
}

 @Book{lwpgerman,
  author =      {Aljoscha Burchardt and Markus Egg and Kathrin Eichler and Brigitte Krenn and Jörn Kreutel and Annette Leßmöllmann and Georg Rehm and Manfred Stede and Hans Uszkoreit and Martin Volk},
  title =  	{{Die Deutsche Sprache im Digitalen Zeitalter -- The German Language in the Digital Age}},
  publisher =   {Springer},
  year =         2012,
  series =      {META-NET White Paper Series. Georg Rehm and Hans Uszkoreit (Series Editors)}
}

@article{rehm2011,
  author =	 {Georg Rehm and Hans Uszkoreit},
  title =	 {Multilingual {Europe}: {A} challenge for language
                  tech ({Das mehrsprachige Europa: Eine
                  Herausforderung für die Sprachtechnologie})},
  journal =	 {MultiLingual},
  year =	 2011,
  volume =	 22,
  number =	 3,
  pages =	 {51--52},
  month =	 {April/May}
}

%%%%%%%%%%%%%%%%%%%

@Misc{p3,
  author = 	 {P3 (The Swedish public service radio music channel)},
  year = 	 {2010},
  note =
                  "{\url{http://sverigesradio.se/sida/artikel.aspx?programid=3040\&artikel=4262315}}"
}

@Misc{spraklag1,
  author = 	 {Svensk författningssamling (The Swedish Code of Statutes)},
  year = 	 {2009},
  number =	 {600},
  note =
                  "{\url{http://www.riksdagen.se/webbnav/index.aspx?nid=3911\&bet=2009:600}}"
}

@Misc{EC237,
  author =	 "Directorate-General Press and Communication",
  title =	 {{Europeans and Languages}},
  series =	 "Special Eurobarometer",
  number =	 237,
  year =	 2005,
  note =
                  "{\url{http://ec.europa.eu/public_opinion/archives/ebs/ebs_237.en.pdf}}"
}

@Misc{EC243,
  author =	 "Directorate-General for
                  Education and Culture",
  title =	 {{Europeans and their Languages}},
  series =	 "Special Eurobarometer",
  number =	 243,
  year =	 2006,
  note =
                  "\url{http://ec.europa.eu/public_opinion/archives/ebs/ebs_243_en.pdf}"
}

@Book{findahl1,
  author = 	 {Olle Findahl},
  title = 	 {{Svenskarna och Internet 2010 (The Swedes and Internet 2010)}},
  publisher = 	 {.SE (Stiftelsen för Internetinfrastruktur)},
  year = 	 {2010}
}

@Misc{saldo1,
  author = 	 {Språkbanken},
  title = 	 {{SALDO}},
  note =
                  "\url{http://spraakbanken.gu.se/eng/resource/saldo}"
}

@Misc{swefn,
  author = 	 {Språkbanken},
  title = 	 {{Swedish FrameNet}},
  note =
                  "{\url{http://spraakbanken.gu.se/eng/swefn}}"
}

@misc{SNK,
	title		= "Habeas {C}orpus: A survey for {SNK} -- a {S}wedish national corpus",
	author		= "Maia Andréasson and Lars Borin and Magnus Merkel",
	year		= "2008",
	publisher	= "University of Gothenburg",
	address		= "Gothenburg",
	note		= "\url{http://spraakbanken.gu.se/personal/lars/sd-pub/GU-ISS-2008-01.pdf}"
}

@InProceedings{sweblark,
  author = 	 {Kjell Elenius and Eva Forsbom and Beáta Megyesi},
  title = 	 {Language Resources and Tools for {S}wedish: A Survey},
  booktitle = {Proceedings of LREC 2008},
  year = 	 {2008},
  address = 	 {Marrakech},
  publisher = {ELRA}
}


@Misc{infrarapport,
  author = 	 {Språkrådet},
  title = 	 {Infrastruktur för språken i {S}verige – {F}örslag
                  till nationell språkinfrastruktur för det digitala
                  samhället. {B}eredningsunderlag till regeringen
                  enligt uppdrag {Ku2011/860/KA} ({A}n infrastructure for
                  the languages of {S}weden -- {P}roposal for a
                  national linguistic infrastructure for the digital
                  society. {R}eport to the government as per directive
                  {Ku2011/860/KA})},
  month = 	 {February},
  year = 	 {2012},
  note = 	 {{\url{http://www.sprakradet.se/13065}}}
}

