%1
@misc{Meta100,
author={Aljoscha Burchardt and Markus Egg and Kathrin Eichler and Brigitte Krenn and Jörn Kreutel and Annette Leßmöllmann and Georg Rehm and Manfred Stede and Hans Uszkoreit and Martin Volk},
title={{Die Deutsche Sprache im Digitalen Zeitalter -- The German Language in the Digital Age}},
series= {META-NET White Paper Series. Georg Rehm and Hans Uszkoreit (Series Editors)},
year={2012},
publisher={Springer}
}
%2
@inproceedings{Meta2,
author={Inguna Skadiņa and Ilze Auziņa and Normunds Grūzītis and Kristīne Levāne-Petrova and Gunta Nešpore and Raivis Skadiņš and Andrejs Vasiļjevs},
year={2010},
title={{Language Resources and Technology for the Humanities in Latvia (2004--2010)}},
booktitle={{Proceedings of the Fourth International Conference Baltic HLT 2010}},
publisher={{IOS Press}},
series ={{Frontiers in Artificial Intelligence and Applications}},
volume={219},
pages={15-22}
} 
%3
@misc{Meta3,
author="{Ministry of Culture, Republic of Latvia}",
title={{Nacionālās identitātes, pilsoniskās sabiedrības un integrācijas politikas pamatnostādnes (2012–2018)  (National identity, civic society and integration policy guidelines, 2012–2018)}},
year =	2011,
note={\url{http://polsis.mk.gov.lv/view.do?id=3782}}
}
%4
@Book{Meta4,
author={Gunta Kļava and Velga Līcīte and Kristīne Motivāne and Jānis Valdmanis and Inese Vasiļjeva–Muchka and Inita Vītola},
year={2009},
title={{Valodas lietojums diasporā: citu valstu prakse un Latvijas rīcībpolitikas izvērtējums (Usage of Language in Dia\-spora: Evaluation of Policy of Latvia and Experience of Other Countries)}},
publisher={{Latviešu valodas aģentūra}}
} 
%6
@misc{Meta6,
author={Latvijas Nacionālā bibliotēka},
title={{Latvijas Nacionālā digitālā bibilotēka (Latvian National Digital Library)}},
note={\newline\url{http://www.lndb.lv}}
}
%7
@misc{Meta7,
title={{LU Matemātikas un informātikas institūta Mākslīgā intelekta laboratorija (Artificial Intelligence Laboratory of Institute of Mathematics and Computer Science, University of Latvia)}},
note={\url{http://www.ailab.lv}}
}
%8
@misc{Meta8,
title={{Līdzsvarots mūsdienu latviešu valodas tekstu korpuss (Balanced Corpus of Modern Latvian)}},
note={\newline\url{http://www.korpuss.lv}}
}
%9
@misc{Meta9,
title={{Latviešu valodas seno tekstu korpuss (The Corpus of Early Written Latvian Texts)}},
note={\url{http://www.ailab.lv/senie}}
}
%10
@Book{Meta10,
author={Kārlis Mīlenbahs and Jānis Endzelīns},
title={{Latviešu valodas vārdnīca (Latvian lanugage dictionary)}},
note={\newline\url{http://www.ailab.lv/mev}}
}
%11
@misc{Meta11,
title={{Archives of Latvian Folklore}},
note={\url{http://www.lfk.lv/kratuve/records.jsp?lg=en}}
}
%12
@misc{Meta12,
title={{Krišjāņa Barona Dainu skapis (Dainu skapis by Krišjānis Barons)}},
note={\url{http://www.dainuskapis.lv}}
}
%13
@misc{Meta13,
title={{Liepājas Universitātes folkloras un valodas centrs (Folklore and Language Centre of Courland)}},
note={\newline\url{http://kfvc.liepu.lv}}
}
%14
@misc{Meta14,
title={{CLARIN resources overview}},
note={\url{http://www.clarin.eu/view_resources}}
}
%15
@article{Meta15,
author={Jerrold H. Zar},
title={{Candidate for a Pullet Surprise}},
journal={{Journal of Irreproducible Results}},
month={Jan/Feb.},
year={1994},
pages={13},
note="(first verse)"
}

%16
@misc{Meta16,
author={Spiegel Online},
title={{Google zieht weiter davon (Google is still leaving everybody behind)}},
year={2009},
note={\newline\url{http://www.spiegel.de/netzwelt/web/0,1518,619398,00.html}}
}

%17
@misc{Meta17,
author={Juan Carlos Perez},
title={{Google Rolls out Semantic Search Capabilities}},
note={\url{http://www.pcworld.com/businesscenter/article/161869/google_rolls_out_semantic_search_capabilities.html}}
}

%18
@inproceedings{meta18,
author={George Demetriou and Inguna Skadiņa and Heikki Keskustalo and Jussi Karlgren and Daiga Deksne and Daniela Petrellie and Preben Hansen and Robert Gaizauskas and Mark Sanderson},
year={2004},
title={{Cross-LingualDocumentRetrieval, Categorisation and Navigation Based on Distributed Services}},
booktitle={{Proceedings of First Baltic Conference ``HumanLanguage Technologies -- the Baltic Perspective''}},
address={Riga},
pages="107-114" 
}

%19
@inproceedings{Meta19,
author={Goba Kārlis and Andrejs Vasiļjevs},
year={2007},
title={{Development of Text-To-Speech System for Latvian}},
booktitle = {{Proceedings of the 16th Nordic Conference of Computational Linguistics NODALIDA-2007}},
pages="67-72" 
}

%20
@inproceedings{Meta20,
author={Ilze Auziņa},
year={2004},
title={{Latvian Text-to-Speech System}},
booktitle={{Proceedings of the first Baltic conference ``Human Language Technologies~-- the Baltic Perspective''}},
pages="21-26"
}

%21
@inproceedings{Meta21,
author={Mārcis Pinnis and Ilze Auziņa},
year={2010},
title={{Latvian Text-to-Speech Synthesizer}},
booktitle={{Proceedings of the Fourth International Conference Baltic HLT 2010}},
publisher={{IOS Press}},
series ={{Frontiers in Artificial Intelligence and Applications}},
volume={219},
pages="69-72"
} 

%22
@misc{Meta22,
title={{Latviešu valodas runas sintēzes sistēma (Latvian language speech synthesis system)}},
note={\url{http://runa.ailab.lv/tts2}}
}

%23
@article{Meta23,
author={Inguna Greitāne},
year={1997},
title={{Mašīntulkošanas sistēma LATRA (Machine Translation System LATRA)}},
journal={LZA Vēstis},
number={Nr.3/4},
pages={1-6}
}

%24
@inproceedings{Meta24,
author={Inguna Skadiņa and Andrejs Vasiļjevs and Daiga Deksne and Raivis Skadiņš and Linda Goldberga},
title={{Comprehension Assistant for Languages of Baltic States}},
booktitle={{Proceedings of the 16th Nordic Conference of Computational Linguistics NODALIDA-2007}},
address={Tartu},
year={2007},
pages="167-174"
} 

%25
@inproceedings{Meta25,
author={Inguna Skadiņa and Edgars Brālītis},
year={2008},
title={{Experimental Statistical Machine Translation System for Latvian}},
booktitle={{Proceedings of the 3rd Baltic Conference on HLT}},
pages="281-286"
}

%26
@inproceedings{Meta26,
author={Inguna Skadiņa and Edgars Brālītis},
year={2009},
title={{English-Latvian SMT: knowledge or data?}},
booktitle={{Proceedings of the 17th Nordic Conference on Computational Linguistics NODALIDA}},
month={May 14-16},
address={Odense, Denmark},
series={{NEALT Proceedings Series}},
volume={4},
pages="242--245"
}

%27
@misc{Meta27,
title={{Faktorēto metožu lietojums angļu-latviešu statistiskajā mašīntulkošanas sistēmā (Application of Factored Models in English-Latvian Statistical Machine Translation System)}},
note={\url{http://eksperimenti.ailab.lv/smt}}
}

%28
@misc{Meta28,
author={Tilde},
title={{Tilde Translator}},
note={\url{http://translate.tilde.com}}
}

%29
@inproceedings{Meta29,
author={Raivis Skadiņš and Kārlis Goba and Valters Šics},
year={2010},
title={{Improving SMT for Baltic languages with factored models}},
booktitle={{Proceedings of the Fourth Baltic conference ``Human Language Technologies -- the Baltic Perspective''}},
series ={{IOS Press, Frontiers in Artificial Intelligence and Applications}},
volume={219},
pages="125-131"
} 

%30
@misc{Meta30,
title={{LetsMT! machine translation platform}},
note={\url{http://www.letsmt.eu}}
}

%31
@misc{Meta31,
title={{ACCURAT project website}},
note={\url{http://www.accurat-project.eu}}
}

%32
@inproceedings{Meta32,
author={Andreas Eisele and Jia Xu},
year={2010},
title={{Improving Machine Translation Performance Using Comparable Corpora}},
booktitle={{Proceedings of the 3rd Workshop on Building and Using Comparable Corpora}},
publisher={{European Language Resources Association (ELRA)}},
address={{La Valletta, Malta}},
pages="35-41"
}

%33
@inproceedings{Meta33,
author={Inguna Skadiņa and Andrejs Vasiļjevs and Raivis Skadiņš and Robert Gaizauskas and Dan Tufis and Tatiana Gornostay},
year={2010},
title={{Analysis and Evaluation of Comparable Corpora for Under Resourced Areas of Machine Translation}},
booktitle={{Proceedings of the 3rd Workshop on Building and Using Comparable Corpora}},
publisher={{European Language Resources Association (ELRA)}},
address={{La Valletta, Malta}},
pages="6-14"} 

%34
@inproceedings{Meta34,
author={Andrejs Vasiļjevs and Tatiana Gornostay and Raivis Skadiņš},
year={2010},
title={{LetsMT! -- Online Platform for Sharing Training Data and Building User Tailored Machine Translation}},
booktitle={{Proceedings of the Fourth Baltic conference ``Human Language Technologies -- the Baltic Perspective''}},
series ={{IOS Press, Frontiers in Artificial Intelligence and Applications}},
volume={219},
pages="133-142"
} 
 
%35
@inproceedings{Meta35,
author={Raivis Skadiņš and Māris Puriņš and Inguna Skadiņa and Andrejs Vasiļjevs},
year={2011},
title={{Evaluation of SMT in localization to under-resourced inflected language}},
booktitle={{Proceedings of the 15th International Conference of the European Association for Machine Translation (EAMT 2012)}},
address={{Leuven, Belgium,}},
pages="35-40"
}
 
%36
@inproceedings{Meta36,
author={Kishore Papineni and Salim Roukos and Todd Ward and Wei-Jing Zhu},
title={{BLEU: A Method for Automatic Evaluation of Machine Translation}},
booktitle={{Proceedings of the 40th Annual Meeting of ACL}},
address={Philadelphia, PA},
year=2002
}  
 

%38
@misc{Meta38,
title={{CLARA: Common Language Resources and their Applications~--- a Marie Curie ITN}},
note={\url{http://clara.uib.no}}
}

%39
@misc{Meta39,
title={{Semantiskā tīmekļa projekts ``SemTi-Kamols'' (Semantic Web project SemTi-Kamols)}},
note={\newline\url{http://www.semti-kamols.lv}}
}


%41
@misc{Meta41,
title={{Tilde}},
note={\url{http://www.tilde.com}}
}

%42
@misc{Meta42,
title={{TRIDENT MT}},
note={\url{http://www.tridentmt.lv}}
}

%43
@misc{Meta43,
title={{iTranslate4 project website}},
note={\url{http://itranslate4.eu/project/}}
}

%44
@misc{Meta44,
title={{Algorego}},
note={\url{http://www.algorego.lv}}
}

%45
@misc{Meta45,
title={{Datorzinību centrs}},
note={\url{http://www.dzc.lv}}
}

%46
@Misc{Meta46,
author = {Gianni Lazzari},
title = {{Human Language Technologies for Europe}},
note =
"\url{http://cordis.europa.eu/documents/documentlibrary/90834371EN6.pdf}",
year = 2006,
}

 
%47
@misc{Meta47,
author = {Aljoscha Burchardt and Georg Rehm and Felix Sasaki},  
title =	 {{The Future European Multilingual Information Society -- Vision Paper for a Strategic Research Agenda}},  
institution ={META-NET},  
year =	2011,
note={\url{http://www.meta-net.eu/vision/reports/meta-net-vision-paper.pdf}}
} 

%48
@article{Meta48,
author={{European Commission Directorate-General Information Society and Media}},
title={User language preferences online},
series={{Flash Eurobarometer}},
number={313},
year={2011},
note={\url{http://ec.europa.eu/public_opinion/flash/fl_313_en.pdf}}
}
  
%49
@manual{Meta49,
author={{European Commission}},
title={{Multilingualism: an asset for Europe and a shared commitment}},
address={Brussels},
year={2008},
note={\url{http://ec.europa.eu/languages/pdf/comm2008_en.pdf}}
}  
  
%50
@manual{Meta50,
author={UNESCO Director-General},
title={Intersectoral mid-term strategy on languages and multilingualism},
address={Paris},
year={2007},
note={\url{http://unesdoc.unesco.org/images/0015/001503/150335e.pdf}}
}
  
%51
@manual{Meta51,
author={{European Commission Directorate-General for Translation}},
title={{Size of the language industry in the EU}},
address={{Kingston Upon Thames}},
year={2009},
note={\url{http://ec.europa.eu/dgs/translation/publications/studies}}
} 

%54
@misc{Meta54,
author={Central Statistical Bureau of Latvia},
title={{2011. gada tautas skaitīšana -- galvenie rādītāji (Po-pulation Census 2011 -- Key Indicators)}},
year =	2012,
note={\url{http://www.csb.gov.lv/statistikas-temas/2011gada-tautas-skaitisana-galvenie-raditaji-33608.html}}
}

%55
@misc{Meta55,
title={{2012. gada 18. februāra tautas nobalsošanas par likumprojekta ``Grozījumi Latvijas Republikas Satversmē'' pieņemšanu rezultāti (Results of the referendum on the Draft Law ``Amendments to the Constitution of the Republic of Latvia'')}},
year =	2012,
note={\url{http://www.tn2012.cvk.lv}}
}

%56
@misc{Meta56,
title={{The Central Election Commission of Latvia}},
note={\url{http://web.cvk.lv/pub/public/28361.html}}
}

%57
@misc{Meta57,
title={{Population Census 2011 - Key Indicators}},
year =	2012,
note={\url{http://www.csb.gov.lv/en/statistikas-temas/population-census-2011-key-indicators-33613.html}}
}

%58
@misc{Meta58,
title={{Cilvēkiem ar redzes traucējumiem (For people with visual impairment)}},
note={\url{http://www.siva.gov.lv/cilvekiem-ar-redzes-traucejumiem.html}}
}

%59
@inproceedings{metaClarin,
author={Inguna Skadiņa},
year={2009},
title={{CLARIN in Latvia: current situation and future perspectives}},
booktitle={{Proceedings of the NODALIDA 2009 workshop ``Nordic Perspectives on the CLARIN Infrastructure of Common Language Resources''}},
series={{NEALT Proceedings Series}},
volume={5},
address={Odense, Denmark},
pages="33-37" 
}

%60
@inproceedings{metaAndronova,
author={Everita Andronova},
year={2007},
title={{The Corpus of Early Written Latvian: current state and future tasks}},
booktitle={{Proceedings of Corpus Linguistics 2007}},
address={Birmingham, UK},
note={\url{http://ucrel.lancs.ac.uk/publications/CL2007/paper/245_Paper.pdf}}
}

%61
@misc{Meta61,
title={{EuroTermBank portal}},
note={\url{http://www.eurotermbank.com}}
}


%1000
@inproceedings{euro1,
  author =	 {Philipp Koehn and Alexandra Birch and Ralf Steinberger},
  title =	 {{462 Machine Translation Systems for Europe}},
  booktitle =	 {Proceedings of MT Summit XII},
  year =	2009
}

%63
@misc{Meta1ES,
author={Latvijas Nacionālā bibliotēka},
title={{Izdevējdarbība 2010. gadā (Latvian Press in 2010)}},
note={\url{http://www.lnb.lv/lv/izdevejiem/izdevejdarbibas-statistika/izdevejdarbiba-2010.pdf}}
}

%64
@InProceedings{Meta2ES,
  author = 	 {Pārsla Eglīte},
  title = 	 {{Latviešu valodas izplatība cittautiešu vidū (Spread of the Latvian language among non-Latvians)}},
  booktitle = {Valodas politika Baltijas valstīs},
  pages = 	 {70-80},
  year = 	 1992,
  address = 	 {Riga, Latvia}}

%65
@Book{Meta3ES,
author = {Ina Druviete (ed.)},
title =	{{Language Situation in Latvia: 2004-2010}},
year =2011,
publisher={Latvian Language Agency}
}

%66
@misc{Meta4ES,
author = {W3Techs},
title={{Usage of content languages for websites}},
note={\url{http://w3techs.com/technologies/overview/content_language/all}},
year={2012},
}

@Misc{MetaRef1,
title={{Deksoft}},
note={\url{http://www.deksoft.com}}
}

@Book{carstensen-etal1,
  editor = 	 {Kai-Uwe Carstensen and Christian Ebert and Cornelia Ebert and Susanne Jekat and Hagen Langer and Ralf Klabunde},
  title = 	 {{Computerlinguistik und Sprachtechnologie: Eine Einführung} ({Computational Linguistics and Language Technology: An Introduction})},
  publisher = 	 {Spektrum Akademischer Verlag},
  year = 	 {2009},
}



@Book{jurafsky-martin01,
  author =	 {Daniel Jurafsky and James H. Martin},
  title =	 {{Speech and Language Processing}},
  edition =	 {2nd},
  publisher =	 {Prentice Hall},
  year =	 2009,
}


@Book{manning-schuetze1,
  author =	 {Christopher D. Manning and Hinrich Schütze},
  title =	 {{Foundations of Statistical Natural Language
                  Processing}},
  publisher =	 {MIT Press},
  year =	 1999,
}

@Misc{lt-world1,
  title = 	 {{Language Technology World (LT World)}},
  note =
                  "\url{http://www.lt-world.org}",
}



@Book{lt-survey1,
  editor =	 {Ronald Cole and Joseph Mariani and Hans Uszkoreit
                  and Giovanni Battista Varile and Annie Zaenen and
                  Antonio Zampolli},
  title =	 {{Survey of the State of the Art in Human Language
                  Technology}},
  publisher =	 {Cambridge University Press},
  year =	 {1998},
}

@Article{rehm2011,
  author =	 {Georg Rehm and Hans Uszkoreit},
  title =	 {Multilingual {Europe}: {A} challenge for language
                  tech ({Das mehrsprachige Europa: Eine
                  Herausforderung für die Sprachtechnologie})},
  journal =	 {MultiLingual},
  year =	 2011,
  volume =	 22,
  number =	 3,
  pages =	 {51--52},
  month =	 {April/May}
}











