@Misc{Meta1,
  author =	 {Aljoscha Burchardt and Georg Rehm and Felix Sasaki},
  title =	 {{The Future European Multilingual Information
                  Society -- Vision Paper for a Strategic Research
                  Agenda (Die zukünftige europäische mehrsprachige
                  In\-for\-ma\-tions\-ge\-sell\-schaft -- Aufsatz mit
                  Visionen für einen strategische Forschungsagenda)}},
  institution =	 {META-NET},
  year =	 2011,
  note =
                  "\url{http://www.meta-net.eu/vision/reports/meta-net-vision-paper.pdf}",
}

@Misc{moses,
  title = 	 {{Moses -- Statistical Machine Translation System}},
  year = 	 2012,
  note = 	 {\url{http://www.statmt.org/moses/}}}

@Misc{LT2020,
  author =	 {Aljoscha Burchardt and Georg Rehm and Felix Sasaki},
  title =	 {{LT 2020. Vision and Priority Themes for Language
                  Technology Research in Europe until the Year
                  2020. Towards the META-NET Strategic Research
                  Agenda}},
  institution =	 {META-NET},
  year =	 2012,
  note =
                  "\url{http://www.meta-net.eu/vision/reports/LT2020.pdf}",
}

@Misc{DA2010,
  author =	 "European Commission",
  title =	 {{A Digital Agenda for Europe}},
  year =	 2010,
  note =         "\url{http://ec.europa.eu/information_society/digital-agenda/publications/}"
}

@Misc{H2020,
  author =	 "European Commission",
  title =	 {{Horizon 2020: The Framework Programme for Research and Innovation}},
  year =	 2012,
  note =         "\url{http://ec.europa.eu/research/horizon2020/}"
}

@Misc{CEF2011,
  author =	 "European Commission",
  title =	 {{Connecting Europe Facility: Commission adopts plan for €50 billion boost to European networks}},
  year =	 2011,
  note =         "\url{http://europa.eu/rapid/pressReleasesAction.do?reference=IP/11/1200}"
}

@Misc{EC4,
  author =	 "European Commission",
  title =	 {{Report on cross-border e-commerce in the EU}},
  year =	 2009,
  note =         "\url{http://ec.europa.eu/consumers/strategy/docs/com_staff_wp2009_en.pdf}"
}

@Misc{murphy11,
  author =	 "Samantha Murphy",
  title =	 {{Sunday Night Is Most Popular Time to Download Android Apps}},
  year =	 2011,
  month =        {December},
  note =         "\url{http://mashable.com/2011/12/08/android-app-stats/}"
}

@Book{LWP2012,
  editor = 	 {Georg Rehm and Hans Uszkoreit},
  title = 	 {{META-NET White Paper Series: Europe's Languages in the Digital Age}},
  publisher = 	 {Springer},
  year = 	 2012,
  note = 	 {This series comprises 30 volumes on the following 30 European languages: Basque, Bulgarian, Catalan, Croatian, Czech, Danish, Dutch, English, Estonian, Finnish, French, Galician, German, Greek, Hungarian, Icelandic, Irish, Italian, Latvian, Lithuanian, Maltese, Norwegian, Polish, Portuguese, Romanian, Serbian, Slovak, Slovene, Spanish, Swedish. \url{http://www.meta-net.eu/whitepapers}}}

@Article{rehm2011,
  author =	 {Georg Rehm and Hans Uszkoreit},
  title =	 {Multilingual {Europe}: {A} challenge for language tech},
  journal =	 {MultiLingual},
  year =	 2011,
  volume =	 22,
  number =	 3,
  pages =	 {51--52},
  month =	 {April/May}
}

@Misc{EC1,
  author =	 "Directorate-General Information Society \& Media of
                  the European Commission",
  title =	 {{User Language Preferences Online}},
  series =	 "Flash Eurobarometer",
  number =	 313,
  year =	 2011,
  note =         "\url{http://ec.europa.eu/public_opinion/flash/fl_313_en.pdf}"
}

@Misc{EC2,
  author =	 "European Commission",
  title =	 {{Multilingualism: an Asset for Europe and a Shared
                  Commitment}},
  year =	 2008,
  note =         "\url{http://ec.europa.eu/languages/pdf/comm2008_en.pdf}",
}

@Misc{EC5,
  author = 	 {{European Commission: Bureau of European Policy Advisors}},
  title = 	 {{Empowering people, driving change: Social Innovation in the European Union}},
  month = 	 {May},
  year = 	 2011,
  note = 	 {\url{http://ec.europa.eu/bepa/pdf/publications_pdf/social_innovation.pdf}}}

@Misc{worldsummit2003,
  key = 	 {{World Summit on the Information Society}},
  title = 	 {{Declaration of Principles -- Building the Information Society: a global challenge in the new Millennium}},
  month = 	 {December},
  year = 	 2003,
  note = 	 {\url{http://www.itu.int/wsis/docs/geneva/official/dop.html}}}

@Misc{UN1,
  author = 	 {{UN Department of Economic and Social Affairs Population Division}},
  title = 	 {{International Migration Report 2002}},
  year = 	 2002,
  address =      {New York},
  note = 	 {\url{http://www.un.org/esa/population/publications/ittmig2002/2002ITTMIGTEXT22-11.pdf}}}

@Misc{Unesco1,
  title =	 {{Intersectoral Mid-term Strategy on Languages and
                  Multilingualism}},
  year =	 2007,
  address =	 "Paris",
  author =	 "Directorate-General of the UNESCO",
  note =         "\url{http://unesdoc.unesco.org/images/0015/001503/150335e.pdf}",
}

@Misc{ford,
  author = 	 {{Ford Motor Company}},
  title = 	 {{Fact Sheet: Ford SYNC Voice-Controlled Communications and Connectivity System}},
  year = 	 2012,
  note = 	 {\url{http://media.ford.com/article_display.cfm?article_id=33358}}}

@Misc{fisher11,
  author =	 {Eric Fisher},
  title =	 {{Language communities of Twitter (European detail)}},
  year =	 2011,
  month =	 {October},
  note =         {\url{http://www.flickr.com/photos/walkingsf/6276642489/}}
}

@Misc{Unesco2,
  author =	 "Directorate-General of the UNESCO",
  title = 	 {{Information for All Programme (AFP)}},
  year = 	 2011,
  note = 	 {\url{http://www.unesco.org/new/en/communication-and-information/intergovernmental-programmes/information-for-all-programme-ifap/}}}

@Misc{EC3,
  title =	 {{Size of the Language Industry in the EU}},
  year =	 2009,
  address =	 "Kingston Upon Thames",
  author =	 "Directorate-General for Translation of the European Commission",
  note =
                  "\url{http://ec.europa.eu/dgs/translation/publications/studies}"
}

@Misc{Eur1,
  author =	 "Translation Centre for the Bodies of the European
                  Union (Übersetzungszentrum für die Körperschaften
                  der europäischen Union)",
  title =	 {{Our EU Languages (Unsere EU Sprachen)}},
  note =
                  "\url{http://cdt.europa.eu/EN/whoweare/Pages/OurEUlanguages.aspx}"
}

@Misc{Goe1,
  title =	 {{Deutsch als Fremdsprache weltweit -- Datenerhebung
                  2005 (German as a Foreign Language -- 2005 Survey)}},
  author =	 "StADaF -- St{\"a}ndige Arbeitsgruppe Deutsch als
                  Fremdsprache (Working Group German
                  as a Foreign Language)",
  note =
                  "\url{http://www.goethe.de/mmo/priv/1459127-STANDARD.pdf}"
}

@Misc{Efni1,
  title =	 {{About Germany (Deutschland)}},
  author =	 "EFNIL -- European Federation of National
                  Institutions for Languages (EFNIL -- Europäische
                  Föderation nationaler Sprachinstitute)",
  year =	 2009,
  note =
                  "\url{http://www.efnil.org/documents/language-legislation-version-2007/germany/germany}"
}

@Misc{ford11,
  author = 	 {Daniel Ford and Josh Batson},
  title = 	 {{Languages of the World (Wide Web)}},
  month = 	 {July},
  year = 	 2011,
  note = 	 {\url{http://googleresearch.blogspot.com/2011/07/languages-of-world-wide-web.html}}}

@Misc{och12,
  author = 	 {Franz Och},
  title = 	 {{Breaking down the language barrier -- six years in}},
  month = 	 {April},
  year = 	 2012,
  note = 	 {\url{http://googleblog.blogspot.de/2012/04/breaking-down-language-barriersix-years.html}}}

@Misc{Cano1,
  author =	 "Canoo Engineering AG",
  title =	 {{Zur Deutschen Rechtschreibreform (About the German
                  Spelling Reform)}},
  note =
                  "\url{http://www.canoo.net/services/GermanSpelling/Reform/fremdwoerter/eindeutschung-lebend.jsp?MenuId=GermanSpellingReform111}",
}

@Misc{boerse,
  author =	 "Börsenverein des Deutschen Buchhandels",
  title =	 {{Umsatzveränderung 2011 gegenüber Vorjahreszeitraum (Changes in sales 2011 compared to the previous year)}},
  note =
                  "\url{http://www.boersenverein.de/de/portal/Januar_2012 _DACH_/470669}",
}


@Book{Lemni1,
  author =	 "Lothar Lemnitzer",
  title =	 {{Von Aldianer bis Zauselquote (From Aldianer to
                  Zauselquote)}},
  publisher =	 "Gunter Narr Verlag",
  year =	 2007,
  address =	 {T{\"u}bingen}
}

@Book{Sick1,
  author =	 "Bastian Sick",
  title =	 {{Der Dativ ist dem Genitiv sein Tod -- Ein Wegweiser
                  durch den Irrgarten der deutschen Sprache (The
                  Dative is the Genitive its Death -- How to navigate
                  the Labyrinth that is the German Language)}},
  publisher =	 "Kiepenheuer und Witsch",
  year =	 2004,
  address =	 {K{\"o}ln}
}

@Misc{Sick2,
  author =	 "Bastian Sick",
  title =	 {{Zwiebelfisch -- Kolumne in Der Spiegel (Zwiebelfisch --
                  Column in the weekly journal Der Spiegel)}},
  note =	 "\url{http://www.spiegel.de/thema/zwiebelfisch/}" 
}

@Book{Schn1,
  author =	 {Wolf Schneider},
  title =	 {{Speak German! Warum Deutsch manchmal besser ist
                  (Speak German! Why German sometimes is the better
                  choice)}},
  publisher =	 {Rowohlt},
  year =	 2008,
}

@Misc{Pisa1,
  author =	 "OECD",
  note =
                  "\url{http://www.pisa.oecd.org/dataoecd/34/19/46619755.pdf}",
  title =	 {{Summary of Results from PISA 2009 (PISA 2009
                  Ergebnisse: Zusammenfassung)}}
}

@Misc{kmk1,
  title =	 {{Bildungsbericht f{\"u}r Deutschland (Report about
                  Education in Germany)}},
  author =	 "Hermann Avenarius and Hartmut Ditton and Hans Döbert
                  and Klaus Klemm and Eckhard Klieme and Matthias
                  Rürup and Heinz-Elmar Tenorth and Horst Weishaupt
                  and Manfred Weiß",
  publisher =	 "Leske + Budrich",
  address =	 "Opladen",
  year =	 2003,
  note =
                  "\url{http://www.kmk.org/fileadmin/veroeffentlichungen_beschluesse/2003/2003_01_01-Bildungsbericht-erste-Befunde.pdf}"
}

@Misc{joy1,
  title =	 {{The Status of German today (Der Status von Deutsch
                  heute)}},
  author =	 "Paul Joyce",
  year =	 2010,
  note =
                  "\url{http://www.pauljoycegerman.co.uk/abinitio/whygerm7.html}"
}

@Misc{ard1,
  author =	 {{ZDF Pressestelle (ZDF Press Office)}},
  title =	 {{ARD ZDF Onlinestudie (ARD ZDF Online Survey)}},
  note =	 "\url{http://www.ard-zdf-onlinestudie.de}"
}

@Misc{ict1,
  author =	 "Statistiken Österreich (Statistics Austria)",
  title =	 {{IKT Nutzung in Haushalten (ICT Usage in
                  Households)}},
  note =
                  "\url{http://www.statistik.at/web_en/statistics/information_society/ict_usage_in_households/041019.html}",
  year =	 2011
}

@Misc{denic1,
  author =	 "DENIC",
  title =	 {{Geschichte der DENIC eG (History of the DENIC eG)}},
  note =
                  "\url{http://www.denic.de/hintergrund/geschichte-der-denic-eg.html}"
}

@Misc{ebrands1,
  author =	 "eBrand Services",
  title =	 {{Updates to Country Code and Generic Top Level
                  Domains (Nachrichten zu Updates der Länder- und
                  generischen Domänen oberster Stufe)}},
  note =
                  "\url{http://www.ebrandservices.com/welcome-to-e-brand-services,130.html}"
}

@Misc{leo1,
  title =	 {{LEO Online Wörterbuch (LEO Online Dictionary)}},
  note =	 "\url{http://dict.leo.org}"
}

@Article{zar1,
  author =	 {Jerrold H. Zar},
  title =	 {{Candidate for a Pullet Surprise}},
  journal =	 {Journal of Irreproducible Results},
  year =	 1994,
  pages =	 13,
}

@InProceedings{lehrndorfer-etal1,
  author =	 {Anne Lehrndorfer and Stefanie Schachtl},
  title =	 {{TR09: Kontrolliertes Siemenes Dokumentationsdeutsch
                  und TopTrans (TR09: Controlled Siemens Documentary
                  German and TopTrans)}},
  booktitle =	 {Proceedings of TC Forum},
  year =	 1998,
}

@Misc{spi1,
  author =	 "Spiegel Online",
  title =	 {{Google zieht weiter davon (Google is still leaving
                  everybody behind)}},
  year =	 2009,
  note =
                  "\url{http://www.spiegel.de/netzwelt/web/0,1518,619398,00.html}"
}

@Misc{spiegel2012,
  author =	 "Spiegel Online",
  title =	 {{Deutsch steigt ab (German is relegated)}},
  year =	 2012,
  note =
                  "\url{http://www.spiegel.de/schulspiegel/wissen/0,1518,805646,00.html}"
}

@Misc{pc1,
  title =	 {{Google Rolls out Semantic Search Capabilities
                  (Google bietet ab sofort semantische
                  Suchmöglichkeiten an)}},
  author =	 "Juan Carlos Perez",
  publisher =	 "PCWorld",
  year =	 2009,
  note =
                  "\url{http://www.pcworld.com/businesscenter/article/161869/google_rolls_out_semantic_search_capabilities.html}"
}

@InProceedings{bleu1,
  author =	 {Kishore Papineni and Salim Roukos and Todd Ward and
                  Wei-Jing Zhu},
  title =	 {{BLEU: A Method for Automatic Evaluation of Machine
                  Translation (BLEU: Eine Methode für die automatische
                  Evaluierung von maschineller Übersetzung)}},
  booktitle =	 {Proceedings of the 40th Annual Meeting of ACL},
  year =	 2002,
  address =	 {Philadelphia, PA},
}

@Misc{wie1,
  author =	 "Statistisches Bundesamt (Federal Statistic Office of
                  Germany)",
  title =	 {{Offizielle Universitätsstatistiken, März 2011
                  (Official University statistics, March 2011)}},
}

@Misc{laz1,
author = {Gianni Lazzari},
title = {{Human Language Technologies for Europe}},
note =
"\url{http://cordis.europa.eu/documents/documentlibrary/90834371EN6.pdf}",
year = 2006,
}

@Misc{latl1,
  author =	 "Yves Scherrer",
  title =	 {{Präsentationen und Veröffentlichungen
                  (Presentations and Publications)}},
  note =
                  "\url{http://www.latl.unige.ch/personal/yvesscherrer/#talks_papers.fr}"
}

@Misc{sor1,
  author =	 "sms4science",
  title =	 {{Bericht zu bestehenden Projekten und Initiativen
                  (Report on Existing Projects and Initiatives)}},
  note =	 "\url{http://www.sms4science.ch}",
  year =	 2011,
}

@InProceedings{euro1,
  author =	 {Philipp Koehn and Alexandra Birch and Ralf
                  Steinberger},
  title =	 {{462 Machine Translation Systems for Europe (462
                  Systeme zur maschinellen Übersetzung für Europa)}},
  booktitle =	 {Proceedings of MT Summit XII},
  year =	 2009,
}


@Book{carstensen-etal1,
  editor = 	 {Kai-Uwe Carstensen and Christian Ebert and Cornelia Ebert and Susanne Jekat and Hagen Langer and Ralf Klabunde},
  title = 	 {{Computerlinguistik und Sprachtechnologie: Eine Einführung} ({Computational Linguistics and Language Technology: An Introduction})},
  publisher = 	 {Spektrum Akademischer Verlag},
  year = 	 {2009},
}



@Book{jurafsky-martin01,
  author =	 {Daniel Jurafsky and James H. Martin},
  title =	 {{Speech and Language Processing} ({Maschinelle
                  Verarbeitung gesprochener und geschriebener
                  Sprache})},
  edition =	 {2nd},
  publisher =	 {Prentice Hall},
  year =	 2009,
}


@Book{manning-schuetze1,
  author =	 {Christopher D. Manning and Hinrich Schütze},
  title =	 {{Foundations of Statistical Natural Language
                  Processing} ({Grundlagen der statistischen
                  Sprachverarbeitung})},
  publisher =	 {MIT Press},
  year =	 1999,
}


@Misc{lt-world1,
  title = 	 {{Language Technology World (LT World)}},
  note =
                  "\url{http://www.lt-world.org}",
}



@Book{lt-survey1,
  editor =	 {Ronald Cole and Joseph Mariani and Hans Uszkoreit
                  and Giovanni Battista Varile and Annie Zaenen and
                  Antonio Zampolli},
  title =	 {{Survey of the State of the Art in Human Language
                  Technology} ({Sprachtechnologie: Überblick über den
                  Stand der Kunst})},
  publisher =	 {Cambridge University Press},
  year =	 {1998},
}
