@misc{Meta1,
    title="META-NET Vision Paper",
    key="000",
    howpublished={\url{http://www.meta-net.eu/vision/reports/meta-net-vision-paper.pdf}}
}

@misc{GAL-Nota1,
      author= "European Commission Directorate-General Information Society and Media",
      title= "User language preferences online",
      publisher ="Flash Eurobarometer # 313",
      year = 2011,
      key="001",
      howpublished = {\url{http://ec.europa.eu/public_opinion/flash/fl_313_en.pdf}}
}

@misc{GAL-Nota2,
      author= "European Commission",
      title= "Multilingualism: an asset for Europe and a shared commitment",
      publisher ="Brussels",
      year = 2008,
      key= "002",
      howpublished = {\url{http://ec.europa.eu/education/languages/pdf/com/2008_0566_en.pdf}}
}

@misc{GAL-Nota3,
      author="UNESCO - Director General",
      title ="Intersectoral mid-term strategy on languages and multilingualism",
      publisher = "Paris",
      year = 2007,
     key="003",
      howpublished = {\url{http://unesdoc.unesco.org/images/0015/001503/150335e.pdf}}
}

@misc{GAL-Nota4,
      author = "European Commission Directorate-General for Translation",
      title = "Size of the language industry in the EU",
      publisher ="Kingston Upon Thames",
      year= 2009,
      key="004",
      howpublished = {\url{http://ec.europa.eu/dgs/translation/publications/studies}}
}

@misc{GAL-Nota5,
      title = "Datos Basicos da lingua galega",
      author ="Xunta de Galicia",
      key="005",
      howpublished = {\url{http://www.xunta.es/linguagalega/datos_basicos_da_lingua_galega}}
}

@misc{GAL-Nota6,
     title = "Consello da Cultura Galega",
     key="006",
     howpublished= {\url{http://www.consellodacultura.org}}
}

@misc{GAL-Nota7,
     title = "Consello da Cultura Galega. LOIA Project",
     key="007",
     howpublished= {\url{http://www.consellodacultura.org/arquivos/cdsg/loia/historia.php?idioma=2&id=76}}
}

@misc{GAL-Nota8,
     title= "General Plan for the Normalisation of the Galician Language. Comparative data from the 1991 Census and provisional data from the 2001 Census",
     key="008",
     author="Instituto Galego de Estatística (Galician Institute of Statistics)",
}

@misc{GAL-Nota9,
     key="009",
     howpublished= {\url{http://www.consellodacultura.org/arquivos/cdsg/loia/gramatica.php?idioma=2&seccion=6}}
}


@misc{GAL-Nota10,
key="010",
     howpublished= {\url{http://www.xunta.es/linguagalega/o_galego_nas_novas_tecnoloxias}}
}
@misc{GAL-Nota11,
key="011",
     howpublished= {\url{http://www.realacademiagalega.org/}}
}
@misc{GAL-Nota12,
key="012",
     howpublished= {\url{http://consellodacultura.org/}}
}
@misc{GAL-Nota13,
key="013",
     howpublished= {\url{http://www.consellodacultura.org/arquivos/cdsg/loia/index.php?idioma=2}}
}
@misc{GAL-Nota14,
key="014",
     howpublished= {\url{http://www.linguanet-worldwide.org/lnetww/gl/home.jsp}}
}
@misc{GAL-Nota15,
key="015",
     howpublished= {\url{http://ec.europa.eu/education/news/news1518_en.htm}}
}
@misc{GAL-Nota16,
key="016",
     howpublished= {\url{http://www.ethnologue.com/ethno_docs/distribution.asp?by=size}}
}
@misc{GAL-Nota17,
key="017",
     howpublished= {\url{http://gl.wikipedia.org/wiki/Portada}}
}
@misc{GAL-Nota18,
key="018",
     howpublished= {\url{http://www.puntogal.org/}}
}
@misc{GAL-Nota19,
key="019",
     howpublished= {\url{http://www.mancomun.org}}
}
@misc{GAL-Nota20,
key="020",
     howpublished= {\url{http://www.galinux.org/}}
}
@misc{GAL-Nota21,
key="021",
     howpublished= {\url{http://www.imaxin.com/}}
}
@misc{GAL-Nota22,
key="022",
     howpublished= {\url{http://webs.uvigo.es/sli/index_en.html}}
}
@misc{GAL-Nota23,
 key="023",
    howpublished= {\url{http://www.mancomun.org/descargarprogramas/detalledeproduto/nova/golfino/}}
}
@misc{GAL-Nota24,
 key="024",
    howpublished= {\url{http://www.cirp.es}}
}
@misc{GAL-Nota25,
key="025",
     title= "Verbio Technologies",
     howpublished= {\url{http://www.verbio.com}}
}
@misc{GAL-Nota26,
key="026",
     howpublished= {\url{http://www.2mares.com/}}
}
@misc{GAL-Nota27,
key="027",
     howpublished= {\url{http://www.indisys.es}}
}
@misc{GAL-Nota28,
key="028",
     howpublished= {\url{http://www.fonetic.es/}}
}
@misc{GAL-Nota29,
key="029",
     howpublished= {\url{http://www.ydilo.com/esp/index.php}}
}
@misc{GAL-Nota30,
key="030",
     howpublished= {\url{http://www.naturalvox.com/}}
}
@misc{GAL-Nota31,
key="031",
     howpublished= {\url{http://www.lucysoftware.com/}}
}
@misc{GAL-Nota32,
 key="032",
    howpublished= {\url{http://www.xunta.es/tradutor/}}
}
@misc{GAL-Nota33,
key="033",
     howpublished= {\url{http://ixa.si.ehu.es/Ixa}}
}
@misc{GAL-Nota34,
key="034",
     howpublished= {\url{http://www.rthabla.es}}
}

@misc{googleleavesbehind,
  author =	 "Spiegel Online",
  title =	 {{Google is still leaving everybody behind}},
  year =	 2009,
  note =
                  "\url{http://www.spiegel.de/netzwelt/web/0,1518,619398,00.html}"
}

@misc{googlesemanticsearch,
  title =	 {{Google Rolls out Semantic Search Capabilities}},
  author =	 "Juan Carlos Perez",
  publisher =	 "PCWorld",
  year =	 2009,
  note =
                  "\url{http://www.pcworld.com/businesscenter/article/161869/google_rolls_out_semantic_search_capabilities.html}",
}

@Article{rehm2011,
  author =	 {Georg Rehm and Hans Uszkoreit},
  title =	 {Multilingual {Europe}: {A} challenge for language
                  tech (Europa Multilingüe: Un repte per les tecnologies del llenguatge)},
  journal =	 {MultiLingual},
  year =	 2011,
  volume =	 22,
  number =	 3,
  pages =	 {51--52},
  month =	 {April/May}
}


@Book{jurafsky-martin01,
  author =	 {Daniel Jurafsky and James H. Martin},
  title =	 {{Speech and Language Processing} (Processat automàtic del llenguatge i la parla)},
  edition =	 {2nd},
  publisher =	 {Prentice Hall},
  year =	 2009,
}


@Book{manning-schuetze1,
  author =	 {Christopher D. Manning and Hinrich Schütze},
  title =	 {{Foundations of Statistical Natural Language
                  Processing} ({Fonaments estadístics del processat natural del llenguatge})},
  publisher =	 {MIT Press},
  year =	 1999,
}

@Misc{lt-world1,
  title = 	 {{Language Technology World (El món de les tecnologies del llenguatge)}},
  note = "\url{http://www.lt-world.org}",
}



@Book{lt-survey1,
  editor =	 {Ronald Cole and Joseph Mariani and Hans Uszkoreit
                  and Giovanni Battista Varile and Annie Zaenen and
                  Antonio Zampolli},
  title =	 {{Survey of the State of the Art in Human Language
                  Technology} ({Enquesta sobre l'estat de l'art en les tecnologies humanes del llenguatge})},
  publisher =	 {Cambridge University Press},
  year =	 {1998},
}

@InProceedings{euro1,
  author =	 {Philipp Koehn and Alexandra Birch and Ralf
                  Steinberger},
  title =	 {{462 Machine Translation Systems for Europe (462
                  sistemes de traducció automàtica per Europa)}},
  booktitle =	 {Proceedings of MT Summit XII},
  year =	 2009,
}
@InProceedings{bleu1,
  author =	 {Kishore Papineni and Salim Roukos and Todd Ward and
                  Wei-Jing Zhu},
  title =	 {{BLEU: A Method for Automatic Evaluation of Machine
                  Translation (BLEU: Un mètode per avaluar automàticament la traducció automàtica)}},
  booktitle =	 {Proceedings of the 40th Annual Meeting of ACL},
  year =	 2002,
  address =	 {Philadelphia, PA},
}

@Book{lwpgerman,
  author =      {Aljoscha Burchard and Markus Egg and Kathrin Eichler and Brigitte Krenn and Jörn Kreutel and Annette Leßmöllmann and Georg Rehm and Manfred Stede and Hans Uszkoreit and Martin Volk},
  title =  {{Die Deutsche Sprache im Digitalen Zeitalter -- The German Language in the Digital Age (La llengua alemanya a l'era digital)}},
  publisher =   {Springer},
  year =         2012,
  series = {META-NET White Paper Series. Georg Rehm and Hans Uszkoreit (Series Editors)}
}
