%%
%% WinShell 3.3.2.4
%% http://www.winshell.org/
%%

% Strings


% Preamble


% BibTeX Entries
@misc{20yearstrategy,
 author               = {Government of Ireland},
 journal              = {Unknown Journal},
 title                = {20-Year Strategy for the {I}rish Language 2010 -- 2030},
 url                  = {http://www.pobail.ie/en/20YearStrategyfortheIrishLanguage/Publications/20-Year%20Strategy%20-%20English%20version.pdf},
 year                 = {2010},
 }

@misc{ard1,
 author               = {ZDF Pressestelle (ZDF Press Office)},
 note                 = {\url{http://www.ard-zdf-onlinestudie.de}},
 title                = {{ARD ZDF Onlinestudie (ARD ZDF Online Survey)}},
 }

@inproceedings{bleu1,
 address              = {Philadelphia, PA},
 author               = {Kishore Papineni and Salim Roukos and Todd Ward and Wei-Jing Zhu},
 booktitle            = {Proceedings of the 40th Annual Meeting of ACL},
 title                = {{BLEU: A Method for Automatic Evaluation of Machine Translation}},
 year                 = {2002},
 }

@misc{Cano1,
 author               = {Canoo Engineering AG},
 note                 = {\url{http://www.canoo.net/services/GermanSpelling/Reform/fremdwoerter/eindeutschung-lebend.jsp?MenuId=GermanSpellingReform111}},
 title                = {{Zur Deutschen Rechtschreibreform (About the German Spelling Reform)}},
 }

@book{carstensen-etal1,
 editor               = {Kai-Uwe Carstensen and Christian Ebert and Cornelia Ebert and Susanne Jekat and Hagen Langer and Ralf Klabunde},
 publisher            = {Spektrum Akademischer Verlag},
 title                = {{Computerlinguistik und Sprachtechnologie: Eine Einf\"uhrung}},
 year                 = {2009},
 }

@misc{csoirishtrade,
 author               = {Central Statistics Office of Ireland},
 note                 = {\url{http://www.cso.ie/en/releasesandpublications/externaltrade/archive/releasearchive2010.htm}},
 url                  = {http://www.cso.ie/en/releasesandpublications/externaltrade/archive/releasearchive2010.htm},
 year                 = {2010},
 }

@misc{denic1,
 author               = {DENIC},
 note                 = {\url{http://www.denic.de/hintergrund/geschichte-der-denic-eg.html}},
 title                = {{Geschichte der DENIC eG (History of the DENIC eG)}},
 }

@misc{ebrands1,
 author               = {eBrand Services},
 note                 = {\url{http://www.ebrandservices.com/welcome-to-e-brand-services,130.html}},
 title                = {{Nachrichten zu Updates der Länder- und generischen Domänen oberster Stufe (Updates to Country Code and Generic Top Level Domains)}},
 }

@misc{EC1,
 author               = {Directorate-General Information Society \& Media of the European Commission},
 note                 = {\url{http://ec.europa.eu/public_opinion/flash/fl_313_en.pdf}},
 number               = {313},
 series               = {Flash Eurobarometer},
 title                = {{User Language Preferences Online}},
 year                 = {2011},
 }

@misc{EC2,
 author               = {European Commission},
 note                 = {\url{http://ec.europa.eu/languages/pdf/comm2008_en.pdf}},
 title                = {{Multilingualism: an Asset for Europe and a Shared Commitment}},
 year                 = {2008},
 }

@misc{EC3,
 address              = {Kingston Upon Thames},
 author               = {Directorate-General for Translation of the European Commission},
 note                 = {\url{http://ec.europa.eu/dgs/translation/publications/studies}},
 title                = {{Size of the Language Industry in the EU}},
 year                 = {2009},
 }

@misc{Efni1,
 author               = {EFNIL -- EFNIL -- European Federation of National Institutions for Languages},
 note                 = {\url{http://www.efnil.org/documents/language-legislation-version-2007/germany/germany}},
 title                = {{Deutschland (About Germany)}},
 year                 = {2009},
 }

@inproceedings{elaine2010,
 author               = {Elaine Uí Dhonnchadha and Josef van Genabith},
 booktitle            = {Proceedings of LREC 2010},
 month                = {May 2010},
 title                = {Partial Dependency Parsing for {I}rish},
 year                 = {2010},
 }

@misc{Eur1,
 author               = {Übersetzungszentrum für die Körperschaften der europäischen Union (Translation Centre for the Bodies of the European Union)},
 note                 = {\url{http://cdt.europa.eu/EN/whoweare/Pages/OurEUlanguages.aspx}},
 title                = {{Unsere EU Sprachen (Our EU Languages)}},
 }

@inproceedings{euro1,
 author               = {Philipp Koehn and Alexandra Birch and Ralf Steinberger},
 booktitle            = {Proceedings of MT Summit XII},
 title                = {{462 Machine Translation Systems for Europe}},
 year                 = {2009},
 }

@misc{euromap,
 author               = {Euromap},
 note                 = {\url{http://www.itri.brighton.ac.uk/projects/euromap/}},
 url                  = {http://www.itri.brighton.ac.uk/projects/euromap/},
 year                 = {2003},
 }

@book{focloir,
 author               = {Dónall Ó Baoill},
 journal              = {Unknown Journal},
 publisher            = {An Gúm},
 title                = {An Foclóir Póca (The Pocket Dictionary)},
 year                 = {1986},
 }

@misc{Goe1,
 author               = {StADaF -- St{\"a}ndige Arbeitsgruppe Deutsch als Fremdsprache (Continous Working Group about German as a Foreign Language)},
 note                 = {\url{http://www.goethe.de/mmo/priv/1459127-STANDARD.pdf}},
 title                = {{Deutsch als Fremdsprache weltweit -- Datenerhebung 2005 (German as a Foreign Language -- 2005 Survey)}},
 }

@misc{googlemarketshare,
 author               = {NetMarketShare},
 note                 = {\url{http://marketshare.hitslink.com/search-engine-market-share.aspx?qprid=4}},
 organization         = {Net Applications},
 title                = {Search Engine Market Share - {I}reland},
 url                  = {http://marketshare.hitslink.com/search-engine-market-share.aspx?qprid=4},
 year                 = {2011},
 }

@misc{googlesemsearch,
 author               = {Juan Carlos Perez},
 note                 = {\url{http://www.pcworld.com/businesscenter/article/161869/google_rolls_out_semantic_search_capabilities.html}},
 publisher            = {PC World},
 title                = {Google Rolls out Semantic Search Capabilities},
 url                  = {http://www.pcworld.com/businesscenter/article/161869/google_rolls_out_semantic_search_capabilities.html},
 year                 = {2009},
 }

@booklet{govtstatement06,
 author               = {Government of Ireland},
 title                = {Statement on the Irish Language 2006},
 year                 = {2006},
 }

@misc{gramadoir,
 author               = {Kevin P Scannell},
 note                 = {\url{http://borel.slu.edu/gramadoir/index.html}},
 title                = {An {G}ramadóir},
 url                  = {http://borel.slu.edu/gramadoir/index.html},
 }

@misc{ict1,
 author               = {Statistiken Österreich (Statistics Austria)},
 note                 = {\url{http://www.statistik.at/web_en/statistics/information_society/ict_usage_in_households/041019.html}},
 title                = {{IKT Nutzung in Haushalten (ICT Usage in Households)}},
 year                 = {2011},
 }

@misc{internetstats,
 author               = {Internet World},
 booktitle            = {Ireland -- Internet Usage, Population and Telecommunications},
 note                 = {\url{http://www.internetworldstats.com/eu/ie.htm}},
 url                  = {http://www.internetworldstats.com/eu/ie.htm},
 year                 = {2010},
 }

@inbook{ipaguide,
 author               = {Ailbhe Ní Chasaide},
 chapter              = {Illustrations of the IPA: Irish},
 journal              = {Unknown Journal},
 pages                = {111 -- 116},
 publisher            = {Cambridge University Press},
 title                = {Handbook of the International Phonetic Association: a guide},
 year                 = {2005},
 }

@misc{joy1,
 author               = {Paul Joyce},
 note                 = {\url{http://userweb.port.ac.uk/~joyce1/abinitio/whygerm7.html}},
 title                = {{Der Status von Deutsch heute (The Status of German today)}},
 year                 = {2010},
 }

@book{jurafsky-martin01,
 author               = {Daniel Jurafsky and James H. Martin},
 publisher            = {Prentice Hall},
 title                = {{Speech and Language Processing (2nd Edition)}},
 year                 = {2009},
 }

@article{kilgarriff2010,
 author               = {Adam Kilgarriff},
 journal              = {Language Resources and Evaluation Journal},
 pages                = {281 -- 290},
 title                = {Google the Verb},
 year                 = {2010},
 }

@article{languagestatuselitism,
 author               = {Borooah, Vani K. and Dineen, Donal A. and Lynch, Nicola},
 journal              = {The Economic and Social Review},
 number               = {4},
 pages                = {435-460},
 title                = {Language and Occupational Status: Linguistic Elitism in the Irish Labour Market},
 url                  = {http://ideas.repec.org/a/eso/journl/v40y2009i4p435-460.html},
 volume               = {40},
 year                 = {2009},
 }

@misc{latl1,
 author               = {Yves Scherrer},
 note                 = {\url{http://www.latl.unige.ch/personal/yvesscherrer/#talks_papers.fr}},
 title                = {{Präsentationen und Veröffentlichungen (Presentations and Publications)}},
 }

@misc{laz1,
 author               = {Gianni Lazzari},
 note                 = {\url{http://tcstar.org/pubblicazioni/D17_HLT_DE.pdf}},
 title                = {{Sprachtechnologien f{\"u}r Europa (Language Technology for Europe)}},
 year                 = {2006},
 }

@inproceedings{lehrndorfer-etal1,
 author               = {Anne Lehrndorfer and Stefanie Schachtl},
 booktitle            = {Proceedings of TC Forum},
 title                = {{TR09: Kontrolliertes Siemenes Dokumentationsdeutsch und TopTrans (TR09: Controlled Siemens Documentary German and TopTrans)}},
 year                 = {1998},
 }

@book{Lemni1,
 address              = {T{\"u}bingen},
 author               = {Lothar Lemnitzer},
 publisher            = {Gunter Narr Verlag},
 title                = {{Von Aldianer bis Zauselquote (From Aldianer until Zauselquote)}},
 year                 = {2007},
 }

@misc{leo1,
 note                 = {\url{http://dict.leo.org}},
 title                = {{LEO Online Wörterbuch (LEO Online Dictionary)}},
 }

@book{lt-survey1,
 editor               = {Ronald Cole and Joseph Mariani and Hans Uszkoreit and Giovanni Battista Varile and Annie Zaenen and Antonio Zampolli},
 publisher            = {Cambridge University Press},
 title                = {{Survey of the State of the Art in Human Language Technology (Studies in Natural Language Processing)}},
 year                 = {1998},
 }

@misc{lt-world1,
 note                 = {\url{http://www.lt-world.org/}},
 title                = {{Language Technology World (LT World)}},
 }

@book{lwpgerman,
 author               = {Aljoscha Burchardt and Markus Egg and Kathrin Eichler and Brigitte Krenn and Jörn Kreutel and Annette Leßmöllmann and Georg Rehm and Manfred Stede and Hans Uszkoreit and Martin Volk},
 publisher            = {Springer},
 series               = {META-NET White Paper Series. Georg Rehm and Hans Uszkoreit (Series Editors)},
 title                = {{Die Deutsche Sprache im Digitalen Zeitalter -- The German Language in the Digital Age}},
 year                 = {2012},
 }

@inproceedings{lynn2012,
 author               = {Teresa Lynn and Ozlem Cetinoglu and Jennifer Foster and Elaine Uí Dhonnchadha and Mark Dras and Josef van Genabith},
 booktitle            = {Proceedings of LREC 2012},
 month                = {May 2012},
 title                = {Irish Treebanking and Parsing: A Preliminary Evaluation},
 year                 = {2012},
 }

@book{manning-schuetze1,
 author               = {Christopher D. Manning and Hinrich Schütze},
 publisher            = {MIT Press},
 title                = {{Foundations of Statistical Natural Language Processing}},
 year                 = {1999},
 }

@misc{Meta1,
 author               = {Aljoscha Burchardt and Georg Rehm and Felix Sasaki},
 institution          = {META-NET},
 note                 = {\url{http://www.meta-net.eu/vision/reports/meta-net-vision-paper.pdf}},
 title                = {{The Future European Multilingual Information Society -- Vision Paper for a Strategic Research Agenda}},
 year                 = {2011},
 }

@misc{mindshare,
 author               = {MindShare},
 note                 = {\url{http://www.mindshare.ie/how-we-think/explore-our-blogs}, \url{http://www.localsearch.ie/mobile-usage-ireland-2011}},
 url                  = {http://www.mindshare.ie/how-we-think/explore-our-blogs},
 year                 = {2010},
 }

@book{oriagain97,
 author               = {Pádraig Ó Riagáin},
 publisher            = {Oxford University Press},
 title                = {Language Policy and Social Reproduction: Ireland 1893-1993},
 year                 = {1997},
 }

@misc{pc1,
 author               = {Juan Carlos Perez},
 note                 = {\url{http://www.pcworld.com/businesscenter/article/161869/google_rolls_out_semantic_search_capabilities.html}},
 publisher            = {PCWorld},
 title                = {{Google Rolls out Semantic Search Capabilities}},
 year                 = {2009},
 }

@misc{Pisa1,
 author               = {OECD},
 note                 = {\url{http://www.pisa.oecd.org/dataoecd/34/19/46619755.pdf}},
 title                = {{PISA 2009 Ergebnisse: Zusammenfassung (Summary of Results from PISA 2009)}},
 }

@inproceedings{pittsburgh,
 address              = {Pittsburgh, USA},
 author               = {Ailbhe Ní Chasaide and John Wogan and Brian Ó Raghallaigh and Áine Ní Bhriain},
 booktitle            = {Proceedings of INTERSPEECH 2006},
 pages                = {181 -- 184},
 title                = {Technology for Minority Languages: the Case of {I}rish ({G}aelic)},
 year                 = {2006},
 }

@techreport{pobail1,
 author               = {Micheál Mac Gréil and Fergal Rhatigan},
 institution          = {Survey and Research Unit, Dept. of Sociology, NUI Maynooth},
 title                = {The {I}rish Language and the {I}rish People},
 url                  = {http://www.pobail.ie/en/PressReleases/2009/April/file,9801,en.pdf},
 year                 = {2009},
 }

@article{rehm2011,
 author               = {Georg Rehm and Hans Uszkoreit},
 journal              = {MultiLingual},
 month                = {April/May},
 number               = {3},
 pages                = {51--52},
 title                = {Multilingual {Europe}: {A} challenge for language tech},
 volume               = {22},
 year                 = {2011},
 }

@inproceedings{scannell,
 address              = {Louvain-la-Neuve, Belgium},
 author               = {Kevin P. Scannell},
 booktitle            = {Proceedings of WAC-3: Building and Exploring Web Corpora},
 journal              = {Unknown Journal},
 title                = {The {C}rúbadán Project: Corpus building for under-resourced languages},
 year                 = {2007},
 }

@book{Schn1,
 author               = {Wolf Schneider},
 publisher            = {Rowohlt},
 title                = {{Speak German! Warum Deutsch manchmal besser ist (Speak German! Why German sometimes is the better choice)}},
 year                 = {2008},
 }

@book{Sick1,
 address              = {K{\"o}ln},
 author               = {Bastian Sick},
 publisher            = {Kiepenheuer und Witsch},
 title                = {{Der Dativ ist dem Genitiv sein Tod -- Ein Wegweiser durch den Irrgarten der deutschen Sprache (The Dative is the Genitive its Death -- How to navigate the Labyrinth that is the German Language)}},
 year                 = {2004},
 }

@misc{Sick2,
 author               = {Bastian Sick},
 note                 = {\url{http://www.spiegel.de/thema/zwiebelfisch/}},
 title                = {{Zwiebelfisch -- Kolumne in Der Spiegel (Zwiebelfisch -- Column in the weekly journal Der Spiegel)}},
 }

@inproceedings{slate2011,
 address              = {Venice, Italy},
 author               = {Ailbhe Ní Chasaide and Neasa Ní Chiaráin and Christoph Wendler and Harald Berthelsen and Amelia Kelly and Emer Gilmartin and Elaine Ní Dhonnchadha and Christer Gobl},
 booktitle            = {Proceedings of SLaTE 2011},
 journal              = {Unknown Journal},
 pages                = {29 -- 32},
 title                = {Towards personalised, synthesis-based content in {I}rish (gaelic) language education},
 year                 = {2011},
 }

@misc{sor1,
 author               = {sms4science},
 note                 = {\url{http://www.sms4science.ch/}},
 title                = {{Bericht zu bestehenden Projekten und Initiativen (Report on Existing Projects and Initiatives)}},
 year                 = {2011},
 }

@misc{spi1,
 author               = {Spiegel Online},
 note                 = {\url{http://www.spiegel.de/netzwelt/web/0,1518,619398,00.html}},
 title                = {{Google zieht weiter davon (Google is still leaving everybody behind)}},
 year                 = {2009},
 }

@inbook{tcstar,
 author               = {Viviane Reding and Ján Figel},
 journal              = {Unknown Journal},
 title                = {Human Language Technologies for Europe},
 url                  = {http://www.tcstar.org/pubblicazioni/D17_HLT_ENG.pdf},
 year                 = {2006},
 }

@misc{Unesco1,
 address              = {Paris},
 author               = {Directorate-General of the UNESCO},
 note                 = {\url{http://unesdoc.unesco.org/images/0015/001503/150335e.pdf}},
 title                = {{Intersectoral Mid-term Strategy on Languages and Multilingualism}},
 year                 = {2007},
 }

@misc{wie1,
 author               = {Statistisches Bundesamt (Federal Statistic Office of Germany)},
 title                = {{Offizielle Universitätsstatistiken, März 2011 (Official University statistics, March 2011)}},
 }

@article{zar1,
 author               = {Jerrold H. Zar},
 journal              = {Journal of Irreproducible Results},
 pages                = {13},
 title                = {{Candidate for a Pullet Surprise}},
 year                 = {1994},
 }
