@Misc{soria,
  author =	 {Claudia Soria and Joseph Mariani},
  title =	 {{Report on Existing Projects and Initiatives}},
  note =	 {META-NET Deliverable D11.3},
}

@Misc{clef,
  author =	 "The CLEF Initiative",
  title =	 {{Conference and Labs of the Evaluation Forum}},
  note =
                  "\url{http://www.clef-initiative.eu}"
}

@Misc{flarenet,
  author =	 "FLaReNet",
  title =	 {{Fostering Language Resources Network}},
  note =
                  "\url{http://www.flarenet.eu}"
}

@Misc{celct,
  author =	 "CELCT",
  title =	 {{Center for the Evaluation of Language and Communication Technology}},
  address =	 "Trento, Italy",
  note =
                  "\url{http://www.celct.it}"
}

@Misc{aixia,
  author =	 "AI*IA",
  title =	 {{Associazione Italiana per l'Intelligenza Artificiale (Italian Association for Artificial Intelligence)}},
  note =
                  "\url{http://www.aixia.it}"
}

@Misc{evalita,
  author =	 "EVALITA",
  title =	 {{Evaluation of NLP and Speech Tools for Italian}},
  note =
                  "\url{http://www.evalita.it}"
}

@Misc{aisv,
  author =	 "AISV",
  title =	 {{Associazione Italiana di Scienze della Voce (Italian Association for Speech Sciences)}},
  note =
                  "\url{http://www.aisv.it}"
}

@Misc{forumtal,
  author =	 "ForumTAL",
  title =	 {{Forum Permanente sul Trattamento Automatico del Linguaggio (Permanent Forum about Natural Language Processing)}},
  note =
                  "\url{http://www.forumtal.it}"
}


@Misc{Crusca,
  author =	 "Accademia della Crusca",
  address =	 "Florence, Italy",
  note = "\url{http://www.accademiadellacrusca.it}"
}

@article{rehm2011,
  author =	 {Georg Rehm and Hans Uszkoreit},
  title =	 {Multilingual {Europe}: {A} challenge for language
                  tech},
  journal =	 {MultiLingual},
  year =	 2011,
  volume =	 22,
  number =	 3,
  pages =	 {51--52},
  month =	 {April/May}
}


 @Book{lwpgerman,
  author =      {Aljoscha Burchardt and Markus Egg and Kathrin Eichler and Brigitte Krenn and Jörn Kreutel and Annette Leßmöllmann and Georg Rehm and Manfred Stede and Hans Uszkoreit and Martin Volk},
  title =  	{{Die Deutsche Sprache im Digitalen Zeitalter -- The German Language in the Digital Age}},
  publisher =   {Springer},
  year =         2012,
  series =      {META-NET White Paper Series. Georg Rehm and Hans Uszkoreit (Series Editors)}
}

@Book{Fischer,
  author =	 {Roswitha Fischer and Hanna Pulaczewska (Eds.)},
  title =	 {{Anglicisms in Europe: Linguistic Diversity in a Global Context}},
  publisher =	 {Cambridge Scholars Publishing},
  year =	 2008,
}

@Misc{ethnologue,
  author =	 {{Grimes, Barbara F. (October 1996). Barbara F. Grimes. ed}},
  title =	 {{Ethnologue: Languages of the World.}},
  institution =	 {Summer Institute of Linguistics},
  note =         {Consulting Editors: Richard S. Pittman and Joseph E. Grimes (thirteenth ed.) Dallas, Texas: Summer Institute of Linguistics, Academic Pub. ISBN 1-55671-026-7},
}

@Misc{Meta1,
  author =	 {Aljoscha Burchardt and Georg Rehm and Felix Sasaki},
  title =	 {{Die zukünftige europäische mehrsprachige
                  Informationsgesellschaft -- Aufsatz mit Visionen für
                  einen strategische Forschungsagenda (The Future
                  European Multilingual Information Society -- Vision
                  Paper for a Strategic Research Agenda)}},
  institution =	 {META-NET},
  year =	 2011,
  note =
                  "\url{http://www.meta-net.eu/vision/reports/meta-net-vision-paper.pdf}",
}

@Misc{EC1,
  author =	 "Directorate-General
                  Information Society \& Media of the European
                  Commission",
  title =	 {{User Language
                  Preferences Online}},
  series =	 "Flash Eurobarometer",
  number =	 313,
  year =	 2011,
  note =
                  "\url{http://ec.europa.eu/public_opinion/flash/fl_313_en.pdf}"
}

@Misc{EC2,
  author =	 "European Commission",
  title =	 {{Multilingualism: an Asset for Europe and a Shared Commitment}},
  year =	 2008,
  note =
                  "\url{http://ec.europa.eu/languages/pdf/comm2008_en.pdf}",
}

@Misc{Unesco1,
  title =	 {{Intersectoral
                  Mid-term Strategy on Languages and
                  Multilingualism}},
  year =	 2007,
  address =	 "Paris",
  author =	 "Directorate-General of the UNESCO",
  note =
                  "\url{http://unesdoc.unesco.org/images/0015/001503/150335e.pdf}",
}

@Misc{EC3,
  title =	 {{Size of the Language Industry in the EU}},
  year =	 2009,
  address =	 "Kingston Upon Thames",
  author =	 "Directorate-General for Translation
                  of the European Commission",
  note =
                  "\url{http://ec.europa.eu/dgs/translation/publications/studies}"
}

@Misc{Eur1,
  author =	 "Translation Centre for the
                  Bodies of the European Union",
  title =	 {{Our EU Languages}},
  note =         "\url{http://cdt.europa.eu/EN/whoweare/Pages/OurEUlanguages.aspx}"
}

@Misc{Goe1,
  title =	 {{Deutsch als Fremdsprache weltweit -- Datenerhebung
                  2005 (German as a Foreign Language -- 2005 Survey)}},
  author =	 "StADaF -- St{\"a}ndige Arbeitsgruppe Deutsch als
                  Fremdsprache (Continous Working Group about German
                  as a Foreign Language)",
  note =
                  "\url{http://www.goethe.de/mmo/priv/1459127-STANDARD.pdf}"
}

@Misc{Efni1,
  title =	 {{Deutschland (About Germany)}},
  author =	 "EFNIL -- Europäische Föderation nationaler
                  Sprachinstitute (EFNIL -- European Federation of
                  National Institutions for Languages)",
  year =	 2009,
  note =
                  "\url{http://www.efnil.org/documents/language-legislation-version-2007/germany/germany}"
}

@Misc{Cano1,
  author =	 "Canoo Engineering AG",
  title =	 {{Zur Deutschen Rechtschreibreform (About the German
                  Spelling Reform)}},
  note =
                  "\url{http://www.canoo.net/services/GermanSpelling/Reform/fremdwoerter/eindeutschung-lebend.jsp?MenuId=GermanSpellingReform111}",
}

@Book{Lemni1,
  author =	 "Lothar Lemnitzer",
  title =	 {{Von Aldianer bis Zauselquote (From Aldianer until
                  Zauselquote)}},
  publisher =	 "Gunter Narr Verlag",
  year =	 2007,
  address =	 {T{\"u}bingen}
}

@Book{Sick1,
  author =	 "Bastian Sick",
  title =	 {{Der Dativ ist dem Genitiv sein Tod -- Ein Wegweiser
                  durch den Irrgarten der deutschen Sprache (The
                  Dative is the Genitive its Death -- How to navigate
                  the Labyrinth that is the German Language)}},
  publisher =	 "Kiepenheuer und Witsch",
  year =	 2004,
  address =	 {K{\"o}ln}
}

@Misc{Sick2,
  author =	 "Bastian Sick",
  title =	 {{Zwiebelfisch -- Kolumne in Der Spiegel (Zwiebelfisch --
                  Column in the weekly journal Der Spiegel)}},
  note =	 "\url{http://www.spiegel.de/thema/zwiebelfisch/}" 
}

@Book{Schn1,
  author =	 {Wolf Schneider},
  title =	 {{Speak German! Warum Deutsch manchmal besser ist
                  (Speak German! Why German sometimes is the better
                  choice)}},
  publisher =	 {Rowohlt},
  year =	 2008,
}

@Misc{Pisa1,
  author =	 "OECD",
  note =
                  "\url{http://www.pisa.oecd.org/dataoecd/34/19/46619755.pdf}",
  title =	 {{Summary of Results from PISA 2009}}
}

@Misc{kmk1,
  title =	 {{Bildungsbericht f{\"u}r Deutschland (Report about
                  Education in Germany)}},
  author =	 "Hermann Avenarius and Hartmut Ditton and Hans Döbert
                  and Klaus Klemm and Eckhard Klieme and Matthias
                  Rürup and Heinz-Elmar Tenorth and Horst Weishaupt
                  and Manfred Weiß",
  publisher =	 "Leske + Budrich",
  address =	 "Opladen",
  year =	 2003,
  note =
                  "\url{http://www.kmk.org/fileadmin/veroeffentlichungen_beschluesse/2003/2003_01_01-Bildungsbericht-erste-Befunde.pdf}"
}

@Misc{joy1,
  title =	 {{Der Status von Deutsch heute (The Status of German
                  today)}},
  author =	 "Paul Joyce",
  year =	 2010,
  note =
                  "\url{http://userweb.port.ac.uk/~joyce1/abinitio/whygerm7.html}"
}

@Misc{ard1,
  author =	 "ZDF Pressestelle (ZDF Press Office)",
  title =	 {{ARD ZDF Onlinestudie (ARD ZDF Online Survey)}},
  note =	 "\url{http://www.ard-zdf-onlinestudie.de}"
}

@Misc{ict1,
  author =	 "Statistiken Österreich (Statistics Austria)",
  title =	 {{IKT Nutzung in Haushalten (ICT Usage in
                  Households)}},
  note =
                  "\url{http://www.statistik.at/web_en/statistics/information_society/ict_usage_in_households/041019.html}",
  year =	 2011
}

@Misc{denic1,
  author =	 "DENIC",
  title =	 {{Geschichte der DENIC eG (History of the DENIC eG)}},
  note =
                  "\url{http://www.denic.de/hintergrund/geschichte-der-denic-eg.html}"
}

@Misc{ebrands1,
  author =	 "eBrand Services",
  title =	 {Updates to Country Code and
                  Generic Top Level Domains}},
  note =         "\url{http://www.ebrandservices.com/welcome-to-e-brand-services,130.html}"
}

@Misc{leo1,
  title =	 {{LEO Online Dictionary}},
  note =	 "\url{http://dict.leo.org}"
}

@Article{zar1,
  author =	 {Jerrold H. Zar},
  title =	 {{Candidate for a Pullet Surprise}},
  journal =	 {Journal of Irreproducible Results},
  year =	 1994,
  pages =	 13,
}

@InProceedings{lehrndorfer-etal1,
  author =	 {Anne Lehrndorfer and Stefanie Schachtl},
  title =	 {{TR09: Kontrolliertes Siemenes Dokumentationsdeutsch
                  und TopTrans (TR09: Controlled Siemens Documentary
                  German and TopTrans)}},
  booktitle =	 {Proceedings of TC Forum},
  year =	 1998,
}

@Misc{spi1,
  author =	 "Spiegel Online",
  title =	 {{Google zieht weiter davon (Google is still leaving
                  everybody behind)}},
  year =	 2009,
  note =
                  "\url{http://www.spiegel.de/netzwelt/web/0,1518,619398,00.html}"
}

@Misc{pc1,
  title =	 {{Google Rolls out Semantic Search
                  Capabilities}},
  author =	 "Juan Carlos Perez",
  publisher =	 "PCWorld",
  year =	 2009,
  note =
                  "\url{http://www.pcworld.com/businesscenter/article/161869/google_rolls_out_semantic_search_capabilities.html}"
}

@InProceedings{bleu1,
  author =	 {Kishore Papineni and Salim Roukos and Todd Ward and Wei-Jing Zhu},
  title =	 {{BLEU: A Method for
                  Automatic Evaluation of Machine Translation}},
  booktitle =	 {Proceedings of the 40th Annual Meeting of ACL},
  year =	 2002,
  address =	 {Philadelphia, PA},
}

@Misc{wie1,
  author =	 "Statistisches Bundesamt (Federal Statistic Office of
                  Germany)",
  title =	 {{Offizielle Universitätsstatistiken, März 2011
                  (Official University statistics, March 2011)}},
}

@Misc{laz1,
  author =	 "Gianni Lazzari",
  title =	 {{Sprachtechnologien f{\"u}r Europa (Language
                  Technology for Europe)}},
  note =
                  "\url{http://tcstar.org/pubblicazioni/D17_HLT_DE.pdf}",
  year =	 2006,
}

@Misc{latl1,
  author =	 "Yves Scherrer",
  title =	 {{Presentations and Publications}},
  note =
                  "\url{http://www.latl.unige.ch/personal/yvesscherrer/#talks_papers.fr}"
}

@Misc{sor1,
  author =	 "sms4science",
  title =	 {{Bericht zu bestehenden Projekten und Initiativen
                  (Report on Existing Projects and Initiatives)}},
  note =	 "\url{http://www.sms4science.ch/}",
  year =	 2011,
}

@InProceedings{euro1,
  author =	 {Philipp Koehn and Alexandra Birch and Ralf
                  Steinberger},
  title =	 {{462 Machine Translation Systems for Europe}},
  booktitle =	 {Proceedings of MT Summit XII},
  year =	 2009,
}


@Book{carstensen-etal1,
  editor = 	 {Kai-Uwe Carstensen and Christian Ebert and Cornelia Ebert and Susanne Jekat and Hagen Langer and Ralf Klabunde},
  title = 	 {{Computerlinguistik und Sprachtechnologie: Eine Einführung}},
  publisher = 	 {Spektrum Akademischer Verlag},
  year = 	 {2009},
}



@Book{jurafsky-martin01,
  author = 	 {Daniel Jurafsky and James H. Martin},
  title = 	 {{Speech and Language Processing (2nd Edition)}},
  publisher = 	 {Prentice Hall},
  year = 	 {2009},
}


@Book{manning-schuetze1,
  author = 	 {Christopher D. Manning and Hinrich Schütze},
  title = 	 {{Foundations of Statistical Natural Language Processing}},
  publisher = 	 {MIT Press},
  year = 	 {1999},
}


@Misc{lt-world1,
  title = 	 {{Language Technology World (LT World)}},
  note =
                  "\url{http://www.lt-world.org}",
}



@Book{lt-survey1,
  editor = 	 {Ronald Cole and Joseph Mariani and Hans Uszkoreit and Giovanni Battista Varile and Annie Zaenen and Antonio Zampolli},
  title = 	 {{Survey of the State of the Art in Human Language Technology (Studies in Natural Language Processing)}},
  publisher = 	 {Cambridge University Press},
  year = 	 {1998},
}
