@Misc{Meta1,
  author =	 {Aljoscha Burchardt and Georg Rehm and Felix Sasaki},
  title =	 {{The Future European Multilingual Information Society -- Vision
                  Paper for a Strategic Research Agenda}},
  institution =	 {META-NET},
  year =	 2011,
  note =         "\url{http://www.meta-net.eu/vision/reports/meta-net-vision-paper.pdf}",
}

@Misc{EC1,
  author =	 "Directorate-General Information Society \& Media of the European
                  Commission",
  title =	 {{User Language Preferences Online}},
  series =	 "Flash Eurobarometer",
  number =	 313,
  year =	 2011,
  note =
                  "\url{http://ec.europa.eu/public_opinion/flash/fl_313_en.pdf}"
}

@Misc{EC2,
  author =	 "European Commission",
  title =	 {{Multilingualism: an Asset for Europe and a Shared Commitment}},
  year =	 2008,
  note =
                  "\url{http://ec.europa.eu/languages/pdf/comm2008_en.pdf}",
}

@Misc{Unesco1,
  title =	 {{Intersectoral Mid-term Strategy on Languages and
                  Multilingualism}},
  year =	 2007,
  address =	 "Paris",
  author =	 "Directorate-General of the UNESCO",
  note =
                  "\url{http://unesdoc.unesco.org/images/0015/001503/150335e.pdf}",
}

@Misc{EC3,
  title =	 {{Size of the Language Industry in the EU}},
  year =	 2009,
  address =	 "Kingston Upon Thames",
  author =	 "Directorate-General for Translation
                  of the European Commission",
  note =
                  "\url{http://ec.europa.eu/dgs/translation/publications/studies}"
}

@Misc{Eur1,
  author =	 "Translation Centre for the
                  Bodies of the European Union",
  title =	 {{Our EU Languages}},
  note =
                  "\url{http://cdt.europa.eu/EN/whoweare/Pages/OurEUlanguages.aspx}"
}

@Misc{Goe1,
  title =	 {{Deutsch als Fremdsprache weltweit -- Datenerhebung
                  2005 (German as a Foreign Language -- 2005 Survey)}},
  author =	 "StADaF -- St{\"a}ndige Arbeitsgruppe Deutsch als
                  Fremdsprache (Continous Working Group about German
                  as a Foreign Language)",
  note =
                  "\url{http://www.goethe.de/mmo/priv/1459127-STANDARD.pdf}"
}

@Misc{Efni1,
  title =	 {{About Germany}},
  author =	 "EFNIL -- European Federation of
                  National Institutions for Languages",
  year =	 2009,
  note =
                  "\url{http://www.efnil.org/documents/language-legislation-version-2007/germany/germany}"
}

@Misc{Cano1,
  author =	 "Canoo Engineering AG",
  title =	 {{Zur Deutschen Rechtschreibreform (About the German
                  Spelling Reform)}},
  note =
                  "\url{http://www.canoo.net/services/GermanSpelling/Reform/fremdwoerter/eindeutschung-lebend.jsp?MenuId=GermanSpellingReform111}",
}

@Book{Lemni1,
  author =	 "Lothar Lemnitzer",
  title =	 {{Von Aldianer bis Zauselquote (From Aldianer to
                  Zauselquote)}},
  publisher =	 "Gunter Narr Verlag",
  year =	 2007,
  address =	 {T{\"u}bingen}
}

@Book{Sick1,
  author =	 "Bastian Sick",
  title =	 {{Der Dativ ist dem Genitiv sein Tod -- Ein Wegweiser
                  durch den Irrgarten der deutschen Sprache (The
                  Dative is the Genitive its Death -- How to navigate
                  the Labyrinth that is the German Language)}},
  publisher =	 "Kiepenheuer und Witsch",
  year =	 2004,
  address =	 {K{\"o}ln}
}

@Misc{Sick2,
  author =	 "Bastian Sick",
  title =	 {{Zwiebelfisch -- Kolumne in Der Spiegel (Zwiebelfisch --
                  Column in the weekly journal Der Spiegel)}},
  note =	 "\url{http://www.spiegel.de/thema/zwiebelfisch/}" 
}

@Book{Schn1,
  author =	 {Wolf Schneider},
  title =	 {{Speak German! Warum Deutsch manchmal besser ist
                  (Speak German! Why German sometimes is the better
                  choice)}},
  publisher =	 {Rowohlt},
  year =	 2008,
}

@Misc{Pisa1,
  author =	 "OECD",
  note =
                  "\url{http://www.pisa.oecd.org/dataoecd/34/19/46619755.pdf}",
  title =	 {{Summary of Results from PISA 2009}}
}

@Misc{kmk1,
  title =	 {{Bildungsbericht f{\"u}r Deutschland (Report about
                  Education in Germany)}},
  author =	 "Hermann Avenarius and Hartmut Ditton and Hans Döbert
                  and Klaus Klemm and Eckhard Klieme and Matthias
                  Rürup and Heinz-Elmar Tenorth and Horst Weishaupt
                  and Manfred Weiß",
  publisher =	 "Leske + Budrich",
  address =	 "Opladen",
  year =	 2003,
  note =
                  "\url{http://www.kmk.org/fileadmin/veroeffentlichungen_beschluesse/2003/2003_01_01-Bildungsbericht-erste-Befunde.pdf}"
}

@Misc{joy1,
  title =	 {{The Status of German today}},
  author =	 "Paul Joyce",
  year =	 2010,
  note =
                  "\url{http://www.pauljoycegerman.co.uk/abinitio/whygerm7.html}"
}

@Misc{ard1,
  author =	 "ZDF Pressestelle (ZDF Press Office)",
  title =	 {{ARD ZDF Onlinestudie (ARD ZDF Online Survey)}},
  note =	 "\url{http://www.ard-zdf-onlinestudie.de}"
}

@Misc{ict1,
  author =	 "Statistiken Österreich (Statistics Austria)",
  title =	 {{IKT Nutzung in Haushalten (ICT Usage in
                  Households)}},
  note =
                  "\url{http://www.statistik.at/web_en/statistics/information_society/ict_usage_in_households/041019.html}",
  year =	 2011
}

@Misc{denic1,
  author =	 "DENIC",
  title =	 {{Geschichte der DENIC eG (History of the DENIC eG)}},
  note =
                  "\url{http://www.denic.de/hintergrund/geschichte-der-denic-eg.html}"
}

@Misc{ebrands1,
  author =	 "eBrand Services",
  title =	 {{Updates to Country Code and Generic Top Level Domains}},
  note =         "\url{http://www.ebrandservices.com/welcome-to-e-brand-services,130.html}"
}

@Misc{leo1,
  title =	 {{LEO Online Wörterbuch (LEO Online Dictionary)}},
  note =	 "\url{http://dict.leo.org}"
}

@Article{zar1,
  author =	 {Jerrold H. Zar},
  title =	 {{Candidate for a Pullet Surprise}},
  journal =	 {Journal of Irreproducible Results},
  year =	 1994,
  pages =	 13,
}

@InProceedings{lehrndorfer-etal1,
  author =	 {Anne Lehrndorfer and Stefanie Schachtl},
  title =	 {{TR09: Kontrolliertes Siemenes Dokumentationsdeutsch
                  und TopTrans (TR09: Controlled Siemens Documentary
                  German and TopTrans)}},
  booktitle =	 {Proceedings of TC Forum},
  year =	 1998,
}

@Misc{spi1,
  author =	 "Spiegel Online",
  title =	 {{Google zieht weiter davon (Google is still leaving
                  everybody behind)}},
  year =	 2009,
  note =
                  "\url{http://www.spiegel.de/netzwelt/web/0,1518,619398,00.html}"
}

@Misc{pc1,
  title =	 {{Google Rolls out Semantic Search Capabilities}},
  author =	 "Juan Carlos Perez",
  publisher =	 "PCWorld",
  year =	 2009,
  note =
                  "\url{http://www.pcworld.com/businesscenter/article/161869/google_rolls_out_semantic_search_capabilities.html}"
}

@InProceedings{bleu1,
  author =	 {Kishore Papineni and Salim Roukos and Todd Ward and Wei-Jing Zhu},
  title =	 {{BLEU: A Method for Automatic Evaluation of Machine Translation}},
  booktitle =	 {Proceedings of the 40th Annual Meeting of ACL},
  year =	 2002,
  address =	 {Philadelphia, PA},
}

@Misc{wie1,
  author =	 "Statistisches Bundesamt (Federal Statistic Office of
                  Germany)",
  title =	 {{Offizielle Universitätsstatistiken, März 2011
                  (Official University statistics, March 2011)}},
}

@Misc{laz1,
  author =	 "Gianni Lazzari",
  title =	 {{Sprachtechnologien f{\"u}r Europa (Language
                  Technology for Europe)}},
  note =
                  "\url{http://tcstar.org/pubblicazioni/D17_HLT_DE.pdf}",
  year =	 2006,
}

@Misc{latl1,
  author =	 "Yves Scherrer",
  title =	 {{Präsentationen und Veröffentlichungen
                  (Presentations and Publications)}},
  note =
                  "\url{http://www.latl.unige.ch/personal/yvesscherrer/#talks_papers.fr}"
}

@Misc{sor1,
  author =	 "sms4science",
  title =	 {{Bericht zu bestehenden Projekten und Initiativen
                  (Report on Existing Projects and Initiatives)}},
  note =	 "\url{http://www.sms4science.ch}",
  year =	 2011,
}

@InProceedings{euro1,
  author =	 {Philipp Koehn and Alexandra Birch and Ralf
                  Steinberger},
  title =	 {{462 Machine Translation Systems for Europe}},
  booktitle =	 {Proceedings of MT Summit XII},
  year =	 2009,
}


@Book{jurafsky-martin01,
  author = 	 {Daniel Jurafsky and James H. Martin},
  title = 	 {{Speech and Language Processing (2nd Edition)}},
  publisher = 	 {Prentice Hall},
  year = 	 {2009},
}

@Book{manning-schuetze1,
  author = 	 {Christopher D. Manning and Hinrich Schütze},
  title = 	 {{Foundations of Statistical Natural Language Processing}},
  publisher = 	 {MIT Press},
  year = 	 {1999},
}

@Misc{lt-world1,
  title = 	 {{Language Technology World (LT World)}},
  note =
                  "\url{http://www.lt-world.org}",
}

@Book{lt-survey1,
  editor = 	 {Ronald Cole and Joseph Mariani and Hans Uszkoreit and Giovanni Battista Varile and Annie Zaenen and Antonio Zampolli},
  title = 	 {{Survey of the State of the Art in Human Language Technology (Studies in Natural Language Processing)}},
  publisher = 	 {Cambridge University Press},
  year = 	 {1998},
}

@Misc{ hag1,
author =	"Hagstofa Íslands (Statistics Iceland)",
title =		{{Mannfjöldi (Census)}},
note = 		"\url{http://www.hagstofa.is/Hagtolur/Mannfjoldi}",
}

@Misc{ vis1,
author = 	"Emilía Dagný Sveinbjörnsdóttir",
title =  	{{Hvað búa margir Íslendingar í útlöndum? (How many Icelanders live abroad?)}},
publisher = 	"Vísindavefurinn",
year =		2010,
note = 		"\url{http://visindavefur.is/?id=53154}",
}

@Misc{ can1,
author = 	"Statistics Canada",
title = 	{{Census}},
note = 		"\url{http://www12.statcan.ca/census-recensement/index-eng.cfm}",
}

@Misc{ alt1,
author = 	"Alþingi (Icelandic Parliament)",
title = 	{{Lög um stöðu íslenskrar tungu og íslensks táknmáls (Law on the official status of the Icelandic Language and Icelandic Sign Language)}},
year =		2011,
note = 		"\url{http://www.althingi.is/altext/139/s/1570.html}",
}

@Misc{ mal1,
title = 	"Íslenskar mállýskur (Icelandic dialects)",
note = 		"\url{http://mallyskur.is}",
}

@Misc{ tvi1,
author = 	{Bjarki M Karlsson},
title =		{{Tvinnhljóð í íslensku (Affricates in Icelandic)}},
year = 		{2007},
publisher =	{Háskóli Íslands (University of Iceland)},
note = 		"\url{http://fraedi.is/tvinnhljod/}",
}
@Misc{ arn1,
author = 	"Stofnun Árna Magnússonar í íslenskum fræðum (The Árni Magnússon Institute for Icelandic Studies)",
title = 	{{Íslensk málnefnd (Icelandic Language Council)}},
note = 		"\url{http://www.arnastofnun.is/page/arnastofnun_mal_islenskmalnefnd}",
}

@Misc{ arn2,
author = 	"Stofnun Árna Magnússonar í íslenskum fræðum (The Árni Magnússon Institute for Icelandic Studies)",
title = 	{{Málræktarsjóður (The Icelandic Language Cultivation Fund)}},
note = 		"\url{http://www.arnastofnun.is/page/arnastofnun_mal_malraektarsjodur}",
}

@Misc{ alt2,
author = 	"Alþingi (Icelandic Parliament)",
title = 	{{Lög um Stofnun Árna Magnússonar í íslenskum fræðum (Law on the Árni Magnússon Institute for Icelandic Studies)}},
year = 		2006,
note = 		"\url{http://www.althingi.is/lagas/139a/2006040.html}",
}

@Misc{ hag2,
author = 	"Hagstofa Íslands (Statistics Iceland)",
title = 	{{Útvarp (Radio)}},	
note = 		"\url{http://www.hagstofa.is/Hagtolur/Menningarmal/Utvarp}",
}

@Misc{ alt3,
author = 	"Alþingi (Icelandic Parliament)",
title = 	{{Útvarpslög (Law on Radio and Television)}},
year = 		2000,
note = 		"\url{http://www.althingi.is/lagas/139a/2000053.html}",
}

@Misc{ men1,
author = 	"Menntamálaráðuneytið (Ministry of Education and Science and Culture)",
title = 	{{Dagur íslenskrar tungu (Icelandic Language Day)}},
note = 		"\url{http://www.menntamalaraduneyti.is/menningarmal/dit/}",
}

@Misc{ men2,
author = 	"Menntamálaráðuneytið (Ministry of Education and Science and Culture)",
title = 	{{Aðalnámskrá grunnskóla (The National Guide for Compulsory Schools)}},
year = 		2011,
note = 		"\url{http://www.menntamalaraduneyti.is/utgefid-efni/namskrar/nr/3953}",
}

@Misc{ men3,
author = 	"Menntamálaráðuneytið (Ministry of Education and Science and Culture)",
title = 	{{Aðalnámskrá framhaldsskóla (The National Guide for Secondary Schools)}},
year = 		2011,
note = 		"\url{http://www.menntamalaraduneyti.is/utgefid-efni/namskrar/nr/3954}",
}

@Misc{ nam1,
author = 	{Almar M. Halldórsson and Ragnar F. Ólafsson and Óskar H. Níelsson and Júlíus K. Björnsson},
title = 	{{Íslenskir nem\-endur við lok grunnskólans. Helstu niðurstöður PISA 2009 rannsóknarinnar um lesskilning og læsi í stærðfræði og náttúrufræði (Icelandic pupils at the end of compulsory school)}},
publisher = 	{Námsmatsstofnun},
year = 		2010,
note = 		"\url{http://www.namsmat.is/vefur/rannsoknir/PISA_2009/pisa_2009_island.pdf}",
}

@Misc{ iol1,
title = 	"Icelandic Online",
note = 		"\url{http://icelandiconline.is}",
}

@Misc{ vis2,
author = 	"Gauti Kristmannsson",
title = 	{{ESB er sterkasti leikur íslenskrar tungu (Joining the EU would be the strongest move for Icelandic)}},
publisher = 	{Fréttablaðið},
year = 		2010,
note = 		"\url{http://www.visir.is/article/20101001/FRETTIR01/175424536}"
}

@Misc{ enl1,
author = 	"European Commission Enlargement",
title = 	{{Commission Opinion on Iceland's application for membership of the European Union}},
publisher = 	"European Commission",
year = 		2010,
note = 		"\url{http://ec.europa.eu/enlargement/press_corner/key-documents/opinion-iceland_2010_en.htm}",
}

@Misc{ sta1,
author = 	"Internet World Stats",
title = 	{{Internet Users in Europe March 31, 2011}},
year = 		2011,
note = 		"\url{http://www.internetworldstats.com/stats4.htm#european}",
}

@Misc{ fac1,
author = 	"CheckFacebook.com",
note = 		"\url{http://www.checkfacebook.com}",
}

@Misc{ len1,
author = 	"ISNIC",
title = 	{{Samanlagður fjöldi léna og fjöldi skráðra léna á ári (Total number of domains and number of registered domains per year)}}, 
note = 		"\url{http://www.isnic.is/tolur/index.html}",
}

@Misc{ len2,
author = 	"WebHosting.info",
title = 	{{Domain Registries in Iceland}},
note = 		"\url{http://www.webhosting.info/registries/country_stats/IS}",
}

@Misc{ abs1,
author = 	"mbl.is",
title = 	{{Netið fram úr dagblöðum (The Internet ahead of newspapers)}},
year = 		2010,
note = 		"\url{http://www.mbl.is/vidskipti/frettir/2010/12/21/netid_fram_ur_dagblodum/}",
}

@Misc{ abs2,
author = 	"Market and Media Research",
title = 	{{Mbl.is og Google notaðir af flestum. Visir.is og Facebook fylgja fast á eftir (Mbl.is and Google most visited. Visir.is and Facebook follow closely)}},
year = 		2011,
note = 		"\url{http://www.mmr.is/images/stories/PDF/1101_tilkynning_vefsidur.pdf}",
}

@Misc{ lto1,
author = 	"LanguageTool",
title = 	{{Style and Grammar Checker}},
note = 		"\url{http://www.languagetool.org}",
}

@Misc{ bin1,
author = 	"Stofnun Árna Magnússonar í íslenskum fræðum (The Árni Magnússon Institute for Icelandic Studies)",
title = 	{{Beyg\-ingarlýsing íslensks nútímamáls (Morphological description of Modern Icelandic)}},
editor =	"Kristín Bjarnadóttir",
note = 		"\url{http://bin.arnastofnun.is}",
}

@Misc{ tal1,
author = 	"Blindrafélagið (Icelandic Organization of the Visually Impaired)",
title = 	{{Nýr íslenskur talgervill í þjóðareign (A new Icelandic Text-to-speech system for the nation)}},
note = 		"\url{http://www.blind.is/verkefni/talgervlaverkefnid/}",
}

@Misc{ hind1,
author = 	"Arnar Thor Jensson and Koji Iwano and Sadaoki Furui",
title = 	{{Language Model Adaptation Using Machine-Translated Text for Resource-Deficient Languages}},
year = 		2008,
note = "	\url{http://www.hindawi.com/journals/asmp/2008/573832/ref/}",
}

@Misc{ alm1,
author = 	"Almannarómur",
title = 	{{Opið safn íslenskra raddsýna (An open corpus of Icelandic speech samples)}},
note = 		"\url{http://almannaromur.hr.is}",
}

@Misc{ tut1,
author = 	"Tungutorg",
title = 	{{Vélrænar þýðingar (Machine Translation)}},
note = 		"\url{http://tungutorg.is}",
}

@Misc{ ape1,
author = 	"Apertium",
title = 	{{A free/open-source machine translation platform}},
note = 		"\url{http://www.apertium.org}",
}

@Misc{ ape2,
author = 	"Apertium is-en",
title = 	{{Translation from Icelandic to English}},
note = 		"\url{http://nlp.cs.ru.is/ApertiumISENWeb/index_en.jsp}",
}

@Misc{ vak1,
author = 	"Clara",
title = 	{{Vaktarinn}},
note = 		"\url{http://www.vaktarinn.is}",
}

@Misc{ icenlp1,
title = 	"IceNLP",
note = 		"\url{http://icenlp.sourceforge.net}",
}

@Misc{ sky1,
author = 	"Menntamálaráðuneytið (Ministry of Education and Science and Culture)",
title = 	{{Skýrsla um tungutækni (Report on Language Technology)}},
year = 		1999,
note = 		"\url{http://brunnur.stjr.is/mrn/utgafuskra/utgafa.nsf/xsp/.ibmmodres/domino/OpenAttachment/mrn/utgafuskra/ utgafa.nsf/F0250A90B6D7F31B002576F00058D4B8/Attachment/tungutaekni.pdf}",
}

@Misc{ ilrt1,
author = 	{Eiríkur Rögnvaldsson and Hrafn Loftsson and Kristín Bjarnadóttir and Sigrún Helgadóttir and Matthew Whelpton and Anna Björk Nikulásdóttir and Anton Karl Ingason},
title = 	{{Icelandic Language Resources and Technology: Status and Prospects}},
year = 		2009, 
note = 		"\url{http://dspace.utlib.ee/dspace/bitstream/handle/10062/9670/Icelandic%20language%20resources.pdf; jsessionid=A7320810CB6EA717510D0460EADE8C5B?sequence=1}",
}

@Misc{ hag3,
author = 	"Hagstofa Íslands (Statistics Iceland)",
title = 	{{Hagtíðindi}},
year = 		2011, 
note = 		"\url{http://hagstofa.is/lisalib/getfile.aspx?ItemID=12358}",

}
@Misc{ isl1,
author = 	"Menntamálaráðuneytið (Ministry of Education and Science and Culture)",
title = 	{{Íslenska til alls (Icelandic for All Purposes)}},
year = 		2009,
note = 		"\url{http://www.islenskan.is/Islenska_til_alls.pdf}"
}

@Article{rehm2011,
  author =	 {Georg Rehm and Hans Uszkoreit},
  title =	 {Multilingual {Europe}: {A} challenge for language
                  tech},
  journal =	 {MultiLingual},
  year =	 2011,
  volume =	 22,
  number =	 3,
  pages =	 {51--52},
  month =	 {April/May}
}
 @Book{lwpgerman,
  author =      {Aljoscha Burchard and Markus Egg and Kathrin Eichler and Brigitte Krenn and Jörn Kreutel and Annette Leßmöllmann and Georg Rehm and Manfred Stede and Hans Uszkoreit and Martin Volk},
  title =  {{Die Deutsche Sprache im Digitalen Zeitalter -- The German Language in the Digital Age}},
  publisher =   {Springer},
  year =         2012,
  series =      {META-NET White Paper Series. Georg Rehm and Hans Uszkoreit (Series Editors)}
}

@Book{carstensen-etal1,
  editor = 	 {Kai-Uwe Carstensen and Christian Ebert and Cornelia Ebert and Susanne Jekat and Hagen Langer and Ralf Klabunde},
  title = 	 {{Computerlinguistik und Sprachtechnologie: Eine Einführung} ({Computational Linguistics and Language Technology: An Introduction})},
  publisher = 	 {Spektrum Akademischer Verlag},
  year = 	 {2009},
}

@Misc{iclt1,
title = 	"Máltæknisetur",
note = 		"\url{http://maltaeknisetur.is}"
}
