@Misc{ Meta1,
	howpublished = "\url{http://www.meta-net.eu/vision/reports/meta-net-vision-paper.pdf}"
}

@Proceedings{ EC1,
	publisher = "European Comission Directorate-General Information Society and Media",
	title = "User language preferences online",
	series = "Flash Eurobarometer",
	number = "313",
	year = "2011",
	note = "\url{http://ec.europa.eu/public_opinion/flash/fl_313_en.pdf}"
}

@Proceedings{ EC2,
	editor = "European Comission",
	title = "Multilingualism: an asset for Europe and a shared commitment",
	year = "2008",
	note = "\url{http://ec.europa.eu/languages/pdf/comm2008_en.pdf}",
	address = "Brussels"
}

@Proceedings{ EC3,
	title = "Size of the language industry in the EU",
	year = "2009",
	address = "Kingston Upon Thames",
	editor = "European Comission - Directorate-General for Translation",
	note = "\url{http://ec.europa.eu/dgs/translation/publications/studies}"
}

@Misc{ Unesco1,
	howpublished = "\url{http://unesdoc.unesco.org/images/0015/001503/150335e.pdf}"
}

@Misc{ Eur1,
	howpublished = "\url{http://ec.europa.eu/dgs/translation/publications/studies}"
}

@Misc{ Eur2,
	howpublished = "\url{http://cdt.europa.eu/EN/whoweare/Pages/OurEUlanguages.aspx}"
}

@Misc{ Goe1,
	howpublished = "\url{http://www.goethe.de/mmo/priv/1459127-STANDARD.pdf}"
}

@Misc{ Cano1,
	howpublished = "\url{http://www.canoo.net/services/GermanSpelling/Reform/fremdwoerter/eindeutschung-lebend.jsp?MenuId=GermanSpellingReform111}"
}

@Book{ Lemni1,
	author = "Lothar Lemnitzer",
	title = "Von Aldianer bis Zauselquote",
	publisher = "Gunter Narr Verlag",
	year = "2007",
	address = {T{\"u}bingen}
}

@Book{ Sick1,
	author = "Bastian Sick",
	title = "Der Dativ ist dem Genitiv sein Tod -- Ein Wegweiser durch den Irrgarten der deutschen Sprache",
	publisher = "Kiepenheuer und Witsch",
	year = "2004",
	address = {K{\"o}ln}
}

@Misc{ Sick2,
	howpublished = "\url{http://www.spiegel.de/thema/zwiebelfisch/}"
}

@Misc{ Efni1,
	howpublished = "\url{http://www.efnil.org/documents/language-legislation-version-2007/germany/germany}"
}

@Misc{ Pisa1,
	note = "\url{http://www.pisa.oecd.org/dataoecd/34/19/46619755.pdf}",
	title = "PISA 2009 Ergebnisse: Zusammenfassung"
}

@Misc{ kmk1,
	note = "\url{http://www.kmk.org/fileadmin/veroeffentlichungen_beschluesse/2003/2003_01_01-Bildungsbericht-erste-Befunde.pdf}"
}

@Misc{ joy1,
	note = "\url{http://userweb.port.ac.uk/~joyce1/abinitio/whygerm7.html}"
}

@Misc{ Ard1,
	note = "\url{http://www.ard-zdf-onlinestudie.de and http://www.statistik.at/web_en/statistics/information_society/ict_usage_in_households/041019.html}"
}

@Misc{ Denic1,
	note = "\url{http://www.denic.de/hintergrund/geschichte-der-denic-eg.html and http://www.ebrandservices.com/welcome-to-e-brand-services,130.html}"
}

@Misc{ leo1,
	note = "\url{http://dict.leo.org}"
}

@Article{ zar1,
	author = "Jerrold H. Zar",
	journal = "Journal of Irreproducible Results",
	title = "Candidate for a Pullet Surprise",
	year = "1994",
	month = "Jan./Feb.",
	pages = "13 (Fist Verse)"
}

@Misc{ spi1,
	note = "\url{http://www.spiegel.de/netzwelt/web/0,1518,619398,00.html}"
}

@Misc{ pc1,
	note = "\url{http://www.pcworld.com/businesscenter/article/161869/google_rolls_out_semantic_search_capabilities.html}"
}

@Misc{ bleu1,
	author = "S. Roukos T. Ward W.-J. Zhu {K. Papineni}",
	address = "Philadelphia, PA",
	note = "In Proceedings of the 40th Annual Meeting of ACL",
	title = "BLEU: A Method for Automatic Evaluation of Machine Translation"
}

@Misc{ wie1,
	note = "Based on official university statistics of the Federal Statistical Office in Wiesbaden (29.03.2011)"
}

note = "\url{http://tcstar.org/pubblicazioni/D17_HLT_DE.pdf}"
}

@Misc{ latl1,
	note = "\url{http://www.latl.unige.ch/personal/yvesscherrer/#talks_papers.fr}"
}

author = "Claudia Soria, Joseph Mariani(2011)"

note = "\url{http://www.sms4science.ch/}"

