@Misc{Leg1,
  author =	 "European Federation of National Institutions for
                  Language",
  title =	 {{Language Legislation in the United Kingdom}},
  howpublished =
                  "\url{http://www.efnil.org/documents/language-legislation-version-2007/united-kingdom/english}"
}

@Misc{ Leg2,
  author =	 "The National Archives",
  title =	 {{Welsh Language (Wales) Measure 2011}},
  year =	 "2011",
  howpublished =
                  "\url{http://www.legislation.gov.uk/mwa/2011/1/section/1/enacted}"
}


@Book{ Laubach,
  author =	 "F.C. Laubach",
  title =	 "{Let's Reform Spelling -- Why and How}",
  publisher =	 "Nre Readers Press",
  year =	 "1996",
  address =	 {NY}
}

@Book{crystal1,
  author = 	 {David Crystal},
  title = 	 {{The English Language: A Guided Tour of the Language}},
  publisher = 	 {Penguin},
  year = 	 {2002},
}

@Book{crystal2,
  author = 	 {David Crystal},
  title = 	 {{Evolving English: One Language, Many Voices}},
  publisher = 	 {The British Library Publishing Division},
  year = 	 {2010},
}

@Book{bragg,
  author = 	 {Melvyn Bragg},
  title = 	 {{The Adventure of English}},
  publisher = 	 {Sceptre},
  year = 	 {2004},
}

@Book{bryson,
  author = 	 {Bill Bryson},
  title = 	 {{Mother Tongue: The Story of the English Language}},
  publisher = 	 {Penguin},
  year = 	 {2009},
}

@Misc{ oed,
  author =	 "Oxford English Dictionary",
  title =	 {{OED March 2011 update}},
  year =	 "2011",
  howpublished = "\url{http://www.oed.com/public/update0311}"
}

@Misc{ europa,
  author =	 "Eurobarometer",
  title =	 {{Europeans and their Languages}},
  year =	 "2006",
  howpublished =
                  "\url{http://ec.europa.eu/public_opinion/archives/ebs/ebs_243_sum_en.pdf}"
}

@Misc{ EngAssoc,
  author =	 "The University of Leicester",
  title =	 {{The English Association}},
  howpublished = "\url{http://www.le.ac.uk/engassoc/}"
}

@Misc{ ccue,
  title =	 {{Council for College and University English}},
  howpublished = "\url{http://www.ccue.ac.uk}"
}

@Misc{ nate,
  title =	 {{National Association for the Teaching of English}},
  howpublished = "\url{http://www.nate.org.uk}"
}

@Misc{ essen,
  title =	 {{The European Society for the Study of English}},
  howpublished = "\url{http://www.essenglish.org}"
}

@Misc{ qes,
  title =	 {{The Queen's English Society}},
  howpublished = "\url{http://www.queens-english-society.com}"
}

@Misc{ curric,
  author =	 "Department for Education and Employment \&
                  Qualifications and Curriculum Authority",
  title =	 {{The National Curriculum for England: Key Stages
                  1-4}},
  year =	 "1999",
  howpublished = "\url{http://www.education.gov.uk/curriculum}"
}

@Misc{ camb,
  title =	 {{Uptake of GCE A-level subjects in England 2006}},
  author =	 "Joanne L. Emery",
  year =	 "2007",
  howpublished =
                  "\url{http://www.cambridgeassessment.org.uk/ca/digitalAssets/113995_Stats_report_5_-_A_level_uptake_2006.pdf}"
}

@Misc{ pisa,
  title =	 {{OECD Programme for International Student Assessment
                  (PISA)}},
  author =	 "OECD",
  howpublished = "\url{http://www.pisa.oecd.org}"
}



@Misc{ ecea,
  title =	 {{Key Data on Teaching Languages at School in
                  Europe}},
  author =	 "Eurydice Network",
  year =	 "2008",
  howpublished =
                  "\url{http://eacea.ec.europa.eu/about/eurydice/documents/KDL2008_EN.pdf}"
}

@Article{ swales,
  author =	 "J. M. Swales",
  journal =	 "World Englishes",
  title =	 "{English as Tyrannosaurus Rex}",
  year =	 "1997",
  pages =	 "373-382"
}

@Misc{ stats1,
  title =	 {{Internet Access 2010: Households and Individuals}},
  author =	 "Office for National Statistics",
  year =	 "2010",
  howpublished =
                  "\url{http://www.ons.gov.uk/ons/rel/rdit2/internet-access---households-and-individuals/historical-internet-access/internet-access-2010-households-and-individuals.pdf}"
}

@Book{lwpgerman,
  author =	 {Aljoscha Burchardt and Markus Egg and Kathrin Eichler
                  and Brigitte Krenn and Jörn Kreutel and Annette
                  Leßmöllmann and Georg Rehm and Manfred Stede and
                  Hans Uszkoreit and Martin Volk},
  title =	 {{Die Deutsche Sprache im Digitalen Zeitalter -- The
                  German Language in the Digital Age}},
  publisher =	 {Springer},
  year =	 2012,
  series =	 {META-NET White Paper Series. Georg Rehm and Hans Uszkoreit (Series Editors)}
}

@Misc{ stats2,
  title =	 {{Internet World Users By Language: Top 10
                  Languages}},
  author =	 "Internet World Stats",
  year =	 "2010",
  howpublished = "\url{http://www.internetworldstats.com/stats7.htm}"
}

@Misc{ asd,
  title =	 {{ASD Simplified Technical English Maintenance Group
                  (STEMG)}},
  author =	 "Aerospace \& Defence Association of Europe ",
  howpublished = "\url{http://www.asd-ste100.org}"
}

@Misc{ hss,
  title =	 {{HyperSTE Software}},
  author =	 "Tedopres International",
  howpublished =
                  "\url{http://www.simplifiedenglish.net/HyperSTE-Software/}"
}

@Misc{ stats3,
  title =	 {{Domainzahlenvergleich international (Comparison
                  figures for international domains)}},
  author =	 "DENIC",
  year =	 "2010",
  howpublished =
                  "\url{http://www.denic.de/hintergrund/statistiken/internationale-domainstatistik.html}"
}

@Misc{ stats4,
  title =	 {{Top 5 Search Engines in United Kindgdom from Oct to
                  Dec 2010}},
  author =	 "StatCounter",
  year =	 "2010",
  howpublished =
                  "\url{http://gs.statcounter.com/#search_engine-GB-monthly-201010-201012}"
}

@INPROCEEDINGS{clev,
  TITLE =	 "{Clever Search: A WordNet Based Wrapper for Internet
                  Search Engines}",
  AUTHOR =	 "Peter M. Kruse and André Naujoks and Dietmar Rösner
                  and Manuela Kunze",
  BOOKTITLE =	 "Proceedings GLDV Tagung",
  YEAR =	 "2005"
}

@Misc{ PhonArts,
  title =	 "{Can we talk? Better Speech Technology with Phonectic
                  Arts}",
  author =	 "Mike Cohen",
  year =	 "2010",
  howpublished =
                  "\url{http://googleblog.blogspot.com/2010/12/can-we-talk-better-speech-technology.html}"
}

@Misc{ festival,
  title =	 "{The Festival Speech Synthesis System}",
  author =	 "Centre for Speech Technology, University of
                  Edinburgh",
  howpublished = "\url{http://www.cstr.ed.ac.uk/projects/festival/}"
}

@Misc{Eur1,
  author =	 "Translation Centre for the Bodies of the European
                  Union)",
  title =	 {{Our EU Languages}},
  note =
                  "\url{http://cdt.europa.eu/EN/whoweare/Pages/OurEUlanguages.aspx}"
}

@Misc{Meta1,
  author =	 {Aljoscha Burchardt and Georg Rehm and Felix Sasaki},
  title =	 {{The Future European Multilingual Information
                  Society -- Vision Paper for a Strategic Research
                  Agenda}},
  institution =	 {META-NET},
  year =	 2011,
  note =
                  "\url{http://www.meta-net.eu/vision/reports/meta-net-vision-paper.pdf}",
}

@Article{rehm2011,
  author =	 {Georg Rehm and Hans Uszkoreit},
  title =	 {Multilingual {Europe}: {A} challenge for language
                  tech},
  journal =	 {MultiLingual},
  year =	 2011,
  volume =	 22,
  number =	 3,
  pages =	 {51--52},
  month =	 {April/May}
}

@Misc{EC1,
  author =	 "Directorate-General Information Society \& Media of
                  the European Commission",
  title =	 {{User Language Preferences Online}},
  series =	 "Flash Eurobarometer",
  number =	 313,
  year =	 2011,
  note =
                  "\url{http://ec.europa.eu/public_opinion/flash/fl_313_en.pdf}"
}

@Misc{EC2,
  author =	 "European Commission",
  title =	 {{Multilingualism: an Asset for Europe and a Shared
                  Commitment}},
  year =	 2008,
  note =
                  "\url{http://ec.europa.eu/languages/pdf/comm2008_en.pdf}",
}

@Misc{Unesco1,
  title =	 {{Intersectoral Mid-term Strategy on Languages and
                  Multilingualism}},
  year =	 2007,
  address =	 "Paris",
  author =	 "Directorate-General of the UNESCO",
  note =
                  "\url{http://unesdoc.unesco.org/images/0015/001503/150335e.pdf}",
}

@Misc{EC3,
  title =	 {{Size of the Language Industry in the EU}},
  year =	 2009,
  address =	 "Kingston Upon Thames",
  author =	 "Directorate-General for Translation of the European
                  Commission",
  note =
                  "\url{http://ec.europa.eu/dgs/translation/publications/studies}"
}

@Misc{Goe1,
  title =	 {{Deutsch als Fremdsprache weltweit -- Datenerhebung
                  2005 (German as a Foreign Language -- 2005 Survey)}},
  author =	 "StADaF -- St{\"a}ndige Arbeitsgruppe Deutsch als
                  Fremdsprache (Working Group German
                  as a Foreign Language)",
  note =
                  "\url{http://www.goethe.de/mmo/priv/1459127-STANDARD.pdf}"
}

@Misc{Efni1,
  title =	 {{About Germany (Deutschland)}},
  author =	 "EFNIL -- European Federation of National
                  Institutions for Languages (EFNIL -- Europäische
                  Föderation nationaler Sprachinstitute)",
  year =	 2009,
  note =
                  "\url{http://www.efnil.org/documents/language-legislation-version-2007/germany/germany}"
}

@Misc{Cano1,
  author =	 "Canoo Engineering AG",
  title =	 {{Zur Deutschen Rechtschreibreform (About the German
                  Spelling Reform)}},
  note =
                  "\url{http://www.canoo.net/services/GermanSpelling/Reform/fremdwoerter/eindeutschung-lebend.jsp?MenuId=GermanSpellingReform111}",
}

@Book{Lemni1,
  author =	 "Lothar Lemnitzer",
  title =	 {{Von Aldianer bis Zauselquote (From Aldianer until
                  Zauselquote)}},
  publisher =	 "Gunter Narr Verlag",
  year =	 2007,
  address =	 {T{\"u}bingen}
}

@Book{Sick1,
  author =	 "Bastian Sick",
  title =	 {{Der Dativ ist dem Genitiv sein Tod -- Ein Wegweiser
                  durch den Irrgarten der deutschen Sprache (The
                  Dative is the Genitive its Death -- How to navigate
                  the Labyrinth that is the German Language)}},
  publisher =	 "Kiepenheuer und Witsch",
  year =	 2004,
  address =	 {K{\"o}ln}
}

@Misc{Sick2,
  author =	 "Bastian Sick",
  title =	 {{Zwiebelfisch -- Kolumne in Der Spiegel (Zwiebelfisch --
                  Column in the weekly journal Der Spiegel)}},
  note =	 "\url{http://www.spiegel.de/thema/zwiebelfisch/}" 
}

@Book{Schn1,
  author =	 {Wolf Schneider},
  title =	 {{Speak German! Warum Deutsch manchmal besser ist
                  (Speak German! Why German sometimes is the better
                  choice)}},
  publisher =	 {Rowohlt},
  year =	 2008,
}

@Misc{Pisa1,
  author =	 "OECD",
  note =
                  "\url{http://www.pisa.oecd.org/dataoecd/34/19/46619755.pdf}",
  title =	 {{Summary of Results from PISA 2009 (PISA 2009
                  Ergebnisse: Zusammenfassung)}}
}

@Misc{kmk1,
  title =	 {{Bildungsbericht f{\"u}r Deutschland (Report about
                  Education in Germany)}},
  author =	 "Hermann Avenarius and Hartmut Ditton and Hans Döbert
                  and Klaus Klemm and Eckhard Klieme and Matthias
                  Rürup and Heinz-Elmar Tenorth and Horst Weishaupt
                  and Manfred Weiß",
  publisher =	 "Leske + Budrich",
  address =	 "Opladen",
  year =	 2003,
  note =
                  "\url{http://www.kmk.org/fileadmin/veroeffentlichungen_beschluesse/2003/2003_01_01-Bildungsbericht-erste-Befunde.pdf}"
}

@Misc{joy1,
  title =	 {{The Status of German today (Der Status von Deutsch
                  heute)}},
  author =	 "Paul Joyce",
  year =	 2010,
  note =
                  "\url{http://www.pauljoycegerman.co.uk/abinitio/whygerm7.html}"
}

@Misc{ard1,
  author =	 {{ZDF Pressestelle (ZDF Press Office)}},
  title =	 {{ARD ZDF Onlinestudie (ARD ZDF Online Survey)}},
  note =	 "\url{http://www.ard-zdf-onlinestudie.de}"
}

@Misc{ict1,
  author =	 "Statistiken Österreich (Statistics Austria)",
  title =	 {{IKT Nutzung in Haushalten (ICT Usage in
                  Households)}},
  note =
                  "\url{http://www.statistik.at/web_en/statistics/information_society/ict_usage_in_households/041019.html}",
  year =	 2011
}

@Misc{denic1,
  author =	 "DENIC",
  title =	 {{Geschichte der DENIC eG (History of the DENIC eG)}},
  note =
                  "\url{http://www.denic.de/hintergrund/geschichte-der-denic-eg.html}"
}

@Misc{ebrands1,
  author =	 "eBrand Services",
  title =	 {{Updates to Country Code and Generic Top Level
                  Domains (Nachrichten zu Updates der Länder- und
                  generischen Domänen oberster Stufe)}},
  note =
                  "\url{http://www.ebrandservices.com/welcome-to-e-brand-services,130.html}"
}

@Misc{leo1,
  title =	 {{LEO Online Wörterbuch (LEO Online Dictionary)}},
  note =	 "\url{http://dict.leo.org}"
}

@Article{zar1,
  author =	 {Jerrold H. Zar},
  title =	 {{Candidate for a Pullet Surprise}},
  journal =	 {Journal of Irreproducible Results},
  year =	 1994,
  pages =	 13,
}

@InProceedings{lehrndorfer-etal1,
  author =	 {Anne Lehrndorfer and Stefanie Schachtl},
  title =	 {{TR09: Kontrolliertes Siemenes Dokumentationsdeutsch
                  und TopTrans (TR09: Controlled Siemens Documentary
                  German and TopTrans)}},
  booktitle =	 {Proceedings of TC Forum},
  year =	 1998,
}

@Misc{spi1,
  author =	 "Spiegel Online",
  title =	 {{Google zieht weiter davon (Google is still leaving
                  everybody behind)}},
  year =	 2009,
  note =
                  "\url{http://www.spiegel.de/netzwelt/web/0,1518,619398,00.html}"
}

@Misc{pc1,
  title =	 {{Google Rolls out Semantic Search Capabilities}},
  author =	 "Juan Carlos Perez",
  publisher =	 "PCWorld",
  year =	 2009,
  note =
                  "\url{http://www.pcworld.com/businesscenter/article/161869/google_rolls_out_semantic_search_capabilities.html}"
}

@InProceedings{bleu1,
  author =	 {Kishore Papineni and Salim Roukos and Todd Ward and
                  Wei-Jing Zhu},
  title =	 {{BLEU: A Method for Automatic Evaluation of Machine
                  Translation}},
  booktitle =	 {Proceedings of the 40th Annual Meeting of ACL},
  year =	 2002,
  address =	 {Philadelphia, PA},
}

@Misc{wie1,
  author =	 "Statistisches Bundesamt (Federal Statistic Office of
                  Germany)",
  title =	 {{Offizielle Universitätsstatistiken, März 2011
                  (Official University statistics, March 2011)}},
}

@Misc{laz1,
  author =	 "Gianni Lazzari",
  title =	 {{Sprachtechnologien f{\"u}r Europa (Language
                  Technology for Europe)}},
  note =
                  "\url{http://tcstar.org/pubblicazioni/D17_HLT_DE.pdf}",
  year =	 2006,
}

@Misc{latl1,
  author =	 "Yves Scherrer",
  title =	 {{Präsentationen und Veröffentlichungen
                  (Presentations and Publications)}},
  note =
                  "\url{http://www.latl.unige.ch/personal/yvesscherrer/#talks_papers.fr}"
}

@Misc{sor1,
  author =	 "sms4science",
  title =	 {{Bericht zu bestehenden Projekten und Initiativen
                  (Report on Existing Projects and Initiatives)}},
  note =	 "\url{http://www.sms4science.ch}",
  year =	 2011,
}

@InProceedings{euro1,
  author =	 {Philipp Koehn and Alexandra Birch and Ralf
                  Steinberger},
  title =	 {{462 Machine Translation Systems for Europe}},
  booktitle =	 {Proceedings of MT Summit XII},
  year =	 2009,
}


@Book{carstensen-etal1,
  editor = 	 {Kai-Uwe Carstensen and Christian Ebert and Cornelia Ebert and Susanne Jekat and Hagen Langer and Ralf Klabunde},
  title = 	 {{Computerlinguistik und Sprachtechnologie: Eine Einführung} ({Computational Linguistics and Language Technology: An Introduction})},
  publisher = 	 {Spektrum Akademischer Verlag},
  year = 	 {2009},
}



@Book{jurafsky-martin01,
  author =	 {Daniel Jurafsky and James H. Martin},
  title =	 {{Speech and Language Processing}},
  edition =	 2,
  publisher =	 {Prentice Hall},
  year =	 2009,
}


@Book{manning-schuetze1,
  author =	 {Christopher D. Manning and Hinrich Schütze},
  title =	 {{Foundations of Statistical Natural Language
                  Processing}},
  publisher =	 {MIT Press},
  year =	 1999,
}


@Misc{lt-world1,
  title = 	 {{Language Technology World (LT World)}},
  note =
                  "\url{http://www.lt-world.org}",
}



@Book{lt-survey1,
  editor =	 {Ronald Cole and Joseph Mariani and Hans Uszkoreit
                  and Giovanni Battista Varile and Annie Zaenen and
                  Antonio Zampolli},
  title =	 {{Survey of the State of the Art in Human Language
                  Technology}},
  publisher =	 {Cambridge University Press},
  year =	 {1998},
}
