@Misc{ Meta1,
	title="The Future European Multilingual Information Society: Vision Paper for a Strategic Research Agenda",
	howpublished = "\url{http://www.meta-net.eu/vision/reports/meta-net-vision-paper.pdf}"
}

@Proceedings{ EC1,
	publisher = "European Comission Directorate-General Information Society and Media",
	title = "User language preferences online",
	series = "Flash Eurobarometer",
	number = "313",
	year = "2011",
	note = "\url{http://ec.europa.eu/public_opinion/flash/fl_313_en.pdf}"
}

@Proceedings{ EC2,
	editor = "European Comission",
	title = "Multilingualism: an asset for Europe and a shared commitment",
	year = "2008",
	note = "\url{http://ec.europa.eu/languages/pdf/comm2008_en.pdf}",
	address = "Brussels"
}


@Proceedings{ EC3,
	title = "Size of the language industry in the EU",
	year = "2009",
	address = "Kingston Upon Thames",
	editor = "European Comission - Directorate-General for Translation",
	note = "\url{http://ec.europa.eu/dgs/translation/publications/studies}"
}

@Misc{ Unesco1,
        title = "Intersectoral mid-term strategy on languages and multilingualism",
        year = "2007",
        address="Paris",
        publisher="UNESCO Director-General",
	howpublished = "\url{http://unesdoc.unesco.org/images/0015/001503/150335e.pdf}"
}

@Misc{ Ustav,
	title="Constitution of the Republic of Serbia", 
	howpublished = "\url{http://www.srbija.gov.rs/cinjenice_o_srbiji/ustav.php?change_lang=en}"
}

@Misc{ VJN3,
title="Popis stanovništva, domaćinstava i stanova u 2002.: STANOVNIŠTVO", 
	howpublished = "\url{http://webrzs.stat.gov.rs/axd/Zip/VJN3.pdf}"
}

@Misc{ HDR,
	title="Human Development Report - SERBIA 2005: The Strength of Diversity", 
	howpublished = "\url{http://hdr.undp.org/en/reports/national/europethecis/serbia/Serbia_nhdr_2005.pdf}"
}

@Misc{ Ombudsman,
	howpublished = "\url{http://www.ombudsman.rs/pravamanjina/index.php/sr_YU/podaci}"
}

@Misc{ GOD2010,
title="OBRAZOVANJE", 
	howpublished = "\url{http://webrzs.stat.gov.rs/WebSite/repository/documents/00/00/18/48/god2010pog22.pdf}"
}

@Misc{ SGRS,
    title = "Službeni glasnik RS, br. 45/91, 53/93, 67/93, 48/94, 101/2005 - dr. zakon i 30/2010"
}

@Misc{ UNICODE,
	title="Unicode: Latin Extended-B",
	howpublished = "\url{http://unicode.org/charts/PDF/U0180.pdf}"
}

@Misc{ BSSL,
	title="Board for Standardization of the Serbian Language", 
	howpublished = "\url{http://en.wikipedia.org/wiki/Board_for_Standardization_of_the_Serbian_Language}"
}

@Misc{ SEIO,
title="Government of the Republic of Serbia - European Integration Office", 
	howpublished = "\url{http://www.seio.gov.rs/home.50.html}"
}


@Misc{ ISS,
	title="Institut za standardizaciju Srbije", 
	howpublished = "\url{http://www.iss.rs/}"
}

@Misc{ PKEY204,
	title="Republički zavod za statistiku: Upotreba informaciono-komunikacionih tehnologija", 
	howpublished = "\url{http://webrzs.stat.gov.rs/WebSite/Public/PageView.aspx?pKey=204}"
}

@Misc{ EUROPA2,
	title="Internet World Stats - Usage and Population Statistics: Serbia", 
	howpublished = "\url{http://www.internetworldstats.com/europa2.htm#rs}"
}

@Misc{ WEBRZS,
title="Republički zavod za statistiku",  
	howpublished = "\url{http://webrzs.stat.gov.rs/WebSite/}"
}

@Misc{ ICT2010,
title="Republički zavod za statistiku: Upotreba informaciono-komunikacionih tehnologija u Republici Srbiji, 2010.", 
	howpublished = "\url{http://webrzs.stat.gov.rs/WebSite/repository/documents/00/00/10/40/PressICT2010.pdf}"
}

@Misc{ BLIC,
title="BLIC online", 
	howpublished = "\url{http://www.blic.rs/}"
}

@Misc{ B92,
title="B 92", 
	howpublished = "\url{http://www.b92.net/}"
}

@Misc{ NASLOVI,
title="naslovi.net", 
	howpublished = "\url{http://www.naslovi.net/}"
}

@Misc{ RTS,
title="РТС: Радио-телевизија Србије",  
	howpublished = "\url{http://www.rts.rs/}"
}


@Misc{ KRSTARICA,
title="cruiser", 
	howpublished = "\url{http://www.krstarica.com/}"
}

@Misc{ WIKI,
        title="Wikipedia metadata",
	howpublished = "\url{http://meta.wikimedia.org/wiki/List_of_Wikipedias}"
}

@Misc{ SHWIKI,
title="Vikipedija", 
	howpublished = "\url{http://sh.wikipedia.org/}"
}

@Misc{ RASTKO,
title="Пројекат Растко: библиотека српске културе", 
	howpublished = "\url{http://www.rastko.rs/}"
}


@Misc{ ASK,
title="Учитељски факултет Универзитета у Београду: Антологија српске књижевности", 
	howpublished = "\url{http://www.ask.rs/}"
}


@Misc{ TRPOET,
title="Танспоетика", 
	howpublished = "\url{http://transpoetika.org/}"
}

@Article{ ZAR,
	journal = "Journal of Irreproducible Results",
        title= "Candidate for a Pullet Surprise",
        author="Jerrold H. Zar",
        year = "1994",
        pages="13 (Fist Verse)"
}

@Book{ UROSEVIC,
	publisher = "BIGZ",
        title= "Statistička metoda otkrivanja i korekcije slovnih grešaka supstitucionog tipa u tekstu na srpskohrvatskom jeziku",
        author="Zoran Urošević",
        year = "1975"
}

@Misc{ OpenOffice,
title="OpenOffice: Serbian (Cyrillic and Latin) Spelling and Hyphenation", 
	howpublished = "\url{http://extensions.services.openoffice.org/en/node/1572/releases}"
}

@Misc{ RASPROG,
	title="КОРЕКТОР за Word", 
	howpublished = "\url{http://www.rasprog.com/html/3_0_korektor.html}"
}

@Misc{ SPIEGEL,
title="SPIEGEL ONLINE", 
	howpublished = "\url{http://www.spiegel.de/netzwelt/web/0,1518,619398,00.html}"
}

@Misc{ PCWORLD,
title="PCWorld Business Center", 
	howpublished = "\url{http://www.pcworld.com/businesscenter/article/161869/google_rolls_out_semantic_search_capabilities.html}"
}

@Misc{ ALEXA,
title="Alexa - The Web Information Company", 
	howpublished = "\url{http://www.alexa.com/topsites/countries/CS}"
}

@InProceedings{ PAPINENI,
        title= "A Method for Automatic Evaluation of Machine Translation",
        author="K.~Papineni and S.~Roukos and T.~Ward and W.~J.~Zhu",
        booktitle="Proceedings of the 40th Annual Meeting of ACL"
}

@Misc{ CEON,
title="Centre for Evaluation in Education and Science (CEON/CEES)", 
	howpublished = "\url{http://ceon.rs/index.php?option=com_content&task=view&id=224&Itemid=106}"
}

@Misc{ PETNICA,
title="Istraživačka stanica Petnica (ISP)", 
	howpublished = "\url{http://www.petnica.rs/}"
}

@Misc{ OO_MATF,
        title = "Open Office",
	howpublished = "\url{http://ooo.matf.bg.ac.rs/}"
}

@Misc{ KORPUS,
title="Resursi srpskog jezika", 
	howpublished = "\url{http://www.korpus.matf.bg.ac.rs/}"
}


@Book{ KRSTEV,
	publisher = "Faculty of Philology, University of Belgrade",
        title= "Processing of Serbian -- Automata, Texts and Electronic dictionaries",
        author="Cvetana Krstev",
        year = "2008"
}

@Misc{ SRB_KORPUS,
title="Corpus of Serbian Language (CSL)",
author="Đorđe Kostić", 
	howpublished = "\url{http://www.serbian-corpus.edu.rs/ns/eindex.htm}"
}

@Misc{ RGF,
title="GeolISSTerm, Geološki Informacioni Sistem Srbije - Geološka Terminologija i nomenklatura",
	howpublished = "\url{http://www.rgf.bg.ac.rs/geolissterm/Index.aspx}"
}

@Misc{ BALKANINSTITUT,
title="Балканолошки институт, Српска академија наука и уметности",
	howpublished = "\url{http://www.balkaninstitut.com/srp/projekti/sikimic/stratifikacija_balkana.html}"
}

@Misc{ TELRI,
title="TELRI, Trans-European Language Resources Infrastructure ", 
	howpublished = "\url{http://telri.nytud.hu/}"
}

@Misc{ NL,
title="MULTEXT-East: Multilingual Text Tools and Corpora for Central and Eastern European Languages", 
	howpublished = "\url{http://nl.ijs.si/ME/}"
}

@Misc{ CORDIS,
title="EUROPA CORDIS: A wordnet for the Balkans", 
	howpublished = "\url{http://cordis.europa.eu/ictresults/index.cfm?section=news&tpl=article&ID=73737}"
}

@Misc{ CNRTL,
title="Centre National de Ressources Textuelles et Lexicales (CNRTL): Prolex", 
	howpublished = "\url{http://www.cnrtl.fr/lexiques/prolex/}"
}

@Misc{ PREVODJENJE,
title="ЕВРОТЕКА - Енглеско-српски паралелни корпус", 
	howpublished = "\url{http://prevodjenje.seio.gov.rs/evroteka/index.php?jezik=srpc}"
}



@Book{jurafsky-martin01,
  author = {Daniel Jurafsky and James H. Martin},
  title = {Speech and Language Processing},
  edition = 2,
  publisher = {Prentice Hall},
  year = 2009,
}


@Book{manning-schuetze1,
  author = {Christopher D. Manning and Hinrich Schütze},
  title = {Foundations of Statistical Natural Language
                  Processing},
  publisher = {MIT Press},
  year = 1999,
}

@Book{lt-survey1,
  editor = {Ronald Cole and Joseph Mariani and Hans Uszkoreit
                  and Giovanni Battista Varile and Annie Zaenen and
                  Antonio Zampolli},
  title = {Survey of the State of the Art in Human Language
                  Technology},
  publisher = {Cambridge University Press},
  year = {1998},
}

