@Misc{ Meta1,
  author =	 {Aljoscha Burchardt and Georg Rehm and Felix Sasaki},
  title =	 {{The Future European Multilingual Information Society
                  - Vision Paper for a Strategic Research Agenda}},
  institution =	 {META-NET},
  year =	 2011,
  note =
                  "\url{http://www.meta-net.eu/vision/reports/meta-net-vision-paper.pdf}",
}

@Misc{ EC1,
  publisher =	 "Generaldirektion Informationsgesellschaft und Medien der Europäischen Kommission",
  title =	 {{User Language Preferences Online
                  (Online-Sprachpräferenzen der Nutzer)}},
  series =	 "Flash Eurobarometer",
  number =	 313,
  year =	 2011,
  note =
                  "\url{http://ec.europa.eu/public_opinion/flash/fl_313_en.pdf}"
}

@Misc{ EC2,
  publisher =	 "Europäische Kommission",
  title =	 {{Multilingualism: an Asset for Europe and a Shared
                  Commitment (Mehrsprachigkeit: Trumpfkarte Europas,
                  aber auch gemeinsame Verpflichtung)}},
  year =	 2008,
  note =
                  "\url{http://ec.europa.eu/languages/pdf/comm2008_en.pdf}",
}

@Misc{ Unesco1,
  title =	 {{Intersectoral Mid-term Strategy on Languages and
                  Multilingualism (Bereichsübergreifende
                  mittelfristige Strategie zu Sprachen und
                  Mehrsprachigkeit)}},
  year =	 2007,
  address =	 "Paris",
  publisher =	 "Generaldirektor der UNESCO",
  note =
                  "\url{http://ec.europa.eu/dgs/translation/publications/studies}",
}

@Misc{ EC3,
  title =	 {{Size of the Language Industry in the EU (Umfang der
                  Sprachindustrie in der EU)}},
  year =	 2009,
  address =	 "Kingston Upon Thames",
  publisher =	 "Generaldirektor der Europäischen Kommission für Übersetzungen",
  note =
                  "\url{http://ec.europa.eu/dgs/translation/publications/studies}"
}

@Misc{ Eur1,
  publisher =	 "Übersetzungszentrum für die Körperschaften der europäsichen Union",
  title =	 {{Our EU Languages (Unsere EU-Sprachen)}},
  note =
                  "\url{http://cdt.europa.eu/EN/whoweare/Pages/OurEUlanguages.aspx}"
}

@Misc{ Goe1,
  title =	 {{Deutsch als Fremdsprache weltweit - Datenerhebung
                  2005}},
  year =	 2005,
  publisher =	 "StADaF - St{\"a}ndige Arbeitsgruppe Deutsch als
                  Fremdsprache",
  note =
                  "\url{http://www.goethe.de/mmo/priv/1459127-STANDARD.pdf}"
}

@Misc{ Efni1,
  title =	 {{Germany (Deutschland)}},
  publisher =	 "EFNIL (European Federation of National Institutions
                  for Languages)",
  year =	 2009,
  note =
                  "\url{http://www.efnil.org/documents/language-legislation-version-2007/germany/germany}"
}

@Misc{ Cano1,
  title =	 {{Deutsche Rechtschreibreform}},
  note =
                  "\url{http://www.canoo.net/services/GermanSpelling/Reform/fremdwoerter/eindeutschung-lebend.jsp?MenuId=GermanSpellingReform111}",
}

@Book{ Lemni1,
  author =	 "Lothar Lemnitzer",
  title =	 {{Von Aldianer bis Zauselquote}},
  publisher =	 "Gunter Narr Verlag",
  year =	 2007,
  address =	 {T{\"u}bingen}
}

@Book{ Sick1,
  author =	 "Bastian Sick",
  title =	 {{Der Dativ ist dem Genitiv sein Tod -- Ein Wegweiser
                  durch den Irrgarten der deutschen Sprache}},
  publisher =	 "Kiepenheuer und Witsch",
  year =	 2004,
  address =	 {K{\"o}ln}
}

@Misc{ Sick2,
  title =	 {{Zwiebelfisch - Kolumne der ZEIT}},
  note =	 "\url{http://www.spiegel.de/thema/zwiebelfisch/}"
}



@Book{ Schn1,
  author = 	 {Wolf Schneider},
  title = 	 {{Speak German! – Warum Deutsch manchmal besser ist.}},
  publisher = 	 {Rowohlt},
  year = 	 {2008},
}

@Misc{ Pisa1,
  publisher =	 "OECD",
  year =	 2009,
  note =
                  "\url{http://www.pisa.oecd.org/dataoecd/34/19/46619755.pdf}",
  title =	 {{PISA 2009 Ergebnisse: Zusammenfassung}}
}

@Misc{ kmk1,
  title =	 {{Bildungsbericht f{\"u}r Deutschland}},
  publisher =	 "Leske + Budrich",
  address =	 "Opladen",
  year =	 2003,
  note =
                  "\url{http://www.kmk.org/fileadmin/veroeffentlichungen_beschluesse/2003/2003_01_01-Bildungsbericht-erste-Befunde.pdf}"
}

@Misc{ joy1,
  title =	 {{The Status of German today (Der Status von Deutsch heute)}},
  author =	 "Paul Joyce",
  year =	 2010,
  note =
                  "\url{http://userweb.port.ac.uk/~joyce1/abinitio/whygerm7.html}"
}

@Misc{ ard1,
  title =	 {{ARD ZDF Onlinestudie}},
  note =	 "\url{http://www.ard-zdf-onlinestudie.de}"
}

@Misc{ ict1,
  title =	 {{ICT Usage in
                  Households (IKT Nutzung in Haushalten)}},
  note =	 "\url{http://www.statistik.at/web_en/statistics/information_society/ict_usage_in_households/041019.html}"
}

@Misc{ denic1,
  title =	 {{Geschichte der DENIC eG}},
  note =
                  "\url{http://www.denic.de/hintergrund/geschichte-der-denic-eg.html}"
}

@Misc{ ebrands1,
  title =	 {{Updates to Country Code and Generic Top Level
                  Domains (Nachrichten zu Updates der Länder- und generischen Domänen oberster Stufe)}},
  note =
                  "\url{http://www.ebrandservices.com/welcome-to-e-brand-services,130.html}"
}

@Misc{ leo1,
  title =	 {{Leo Online Dictionary (Leo Online Wörterbuch)}},
  note =	 "\url{http://dict.leo.org}"
}

@Article{ zar1,
  author =	 {Jerrold H. Zar},
  title =	 {{Candidate for a Pullet Surprise (Kandidat für einen Pulitzer Preis)}},
  journal =	 {Journal of Irreproducible Results},
  year =	 1994,
  pages =	 13,
}

@InProceedings{ lehrndorfer-etal1,
  author =	 {Anne Lehrndorfer and Stefanie Schachtl},
  title =	 {{TR09: Controlled Siemens Documentary German and
                  TopTrans (Kontrolliertes Siemenes Dokumentationsdeutsch und TopTrans)}},
  booktitle =	 {Proceedings of TC Forum},
  year =	 1998,
}

@Articel{ spi1,
        title = {{Google zieht weiter davon}},
        journal = "Spiegel Online",
        year ="2009",
	note = "\url{http://www.spiegel.de/netzwelt/web/0,1518,619398,00.html}"
}

@Misc{ pc1,
  title =	 {{Google Rolls out Semantic Search Capabilities}},
  author =	 "Juan Carlos Perez",
  publisher =	 "PCWorld",
  year =	 2009,
  note =
                  "\url{http://www.pcworld.com/businesscenter/article/161869/google_rolls_out_semantic_search_capabilities.html}"
}

@InProceedings{ bleu1,
  author =	 {K. Papineni and S. Roukos and T. Ward and W.J. Zhu},
  title =	 {{BLEU: A Method for Automatic Evaluation of Machine
                  Translation}},
  booktitle =	 {Proceedings of the 40th Annual Meeting of ACL},
  year =	 2002,
  address =	 {Philadelphia, PA},
}

@Misc{ wie1,
  title =	 {{Basierend auf offiziellen Universitätsstatistiken
                  des Statistischen Bundesamtes in Wiesbaden
                  (29.03.2011)}},
}

@Misc{ laz1,
  author =	 "Gianni Lazzari",
  title =	 {{Sprachtechnologien f{\"u}r Europa}},
  note =
                  "\url{http://tcstar.org/pubblicazioni/D17_HLT_DE.pdf}",
  year =	 2006,
}

@Misc{ latl1,
  title =	 {{Presentations and Publications by Yves Scherrer}},
  note =
                  "\url{http://www.latl.unige.ch/personal/yvesscherrer/#talks_papers.fr}"
}

@Misc{ sor1,
  title =	 {{Report on Existing Projects and Initiatives}},
  note =	 "\url{http://www.sms4science.ch/}",
  year =	 2011,
}

@InProceedings{euro1,
  author = 	 {Philipp Koehn and Alexandra Birch and Ralf Steinberger},
  title = 	 {{462 Machine Translation Systems for Europe}},
  OPTcrossref =  {},
  OPTkey = 	 {},
  booktitle = {Proceedings of MT Summit XII},
  OPTpages = 	 {},
  year = 	 {2009},
  OPTauthor = 	 {},
  OPTvolume = 	 {},
  OPTnumber = 	 {},
  OPTseries = 	 {},
  OPTaddress = 	 {},
  OPTmonth = 	 {},
  OPTorganization = {},
  OPTpublisher = {},
  OPTnote = 	 {},
  OPTannote = 	 {}
}

