@Book{lwpgerman,
  author =      {Aljoscha Burchardt and Markus Egg and Kathrin Eichler and Brigitte Krenn and Jörn Kreutel and Annette Leßmöllmann and Georg Rehm and Manfred Stede and Hans Uszkoreit and Martin Volk},
  title =  {{Die Deutsche Sprache im Digitalen Zeitalter -- The German Language in the Digital Age}},
  publisher =   {Springer},
  year =         2012,
  series =         {META-NET White Paper Series. Georg Rehm and Hans Uszkoreit (Series Editors)}
}
@Misc{Eur1,
  author =	 "Translation Centre for the Bodies of the European
                  Union",
  title =	 {{Our EU Languages}},
  note =
                  "\url{http://cdt.europa.eu/EN/whoweare/Pages/OurEUlanguages.aspx}"
}

@Misc{Goe1,
  title =	 {{Deutsch als Fremdsprache weltweit -- Datenerhebung
                  2005 (German as a Foreign Language -- 2005 Survey)}},
  author =	 "StADaF -- St{\"a}ndige Arbeitsgruppe Deutsch als
                  Fremdsprache (Working Group German
                  as a Foreign Language)",
  note =
                  "\url{http://www.goethe.de/mmo/priv/1459127-STANDARD.pdf}"
}

@Misc{Efni1,
  title =	 {{About Germany}},
  author =	 "EFNIL -- European Federation of National
                  Institutions for Languages",
  year =	 2009,
  note =
                  "\url{http://www.efnil.org/documents/language-legislation-version-2007/germany/germany}"
}

@Misc{Cano1,
  author =	 "Canoo Engineering AG",
  title =	 {{Zur Deutschen Rechtschreibreform (About the German
                  Spelling Reform)}},
  note =
                  "\url{http://www.canoo.net/services/GermanSpelling/Reform/fremdwoerter/eindeutschung-lebend.jsp?MenuId=GermanSpellingReform111}",
}

@Book{Lemni1,
  author =	 "Lothar Lemnitzer",
  title =	 {{Von Aldianer bis Zauselquote (From Aldianer to
                  Zauselquote)}},
  publisher =	 "Gunter Narr Verlag",
  year =	 2007,
  address =	 {T{\"u}bingen}
}

@Book{Sick1,
  author =	 "Bastian Sick",
  title =	 {{Der Dativ ist dem Genitiv sein Tod -- Ein Wegweiser
                  durch den Irrgarten der deutschen Sprache (The
                  Dative is the Genitive its Death -- How to navigate
                  the Labyrinth that is the German Language)}},
  publisher =	 "Kiepenheuer und Witsch",
  year =	 2004,
  address =	 {K{\"o}ln}
}

@Misc{Sick2,
  author =	 "Bastian Sick",
  title =	 {{Zwiebelfisch -- Kolumne in Der Spiegel (Zwiebelfisch --
                  Column in the weekly journal Der Spiegel)}},
  note =	 "\url{http://www.spiegel.de/thema/zwiebelfisch/}" 
}

@Book{Schn1,
  author =	 {Wolf Schneider},
  title =	 {{Speak German! Warum Deutsch manchmal besser ist
                  (Speak German! Why German sometimes is the better
                  choice)}},
  publisher =	 {Rowohlt},
  year =	 2008,
}

@Misc{Pisa1,
  author =	 "OECD",
  note =
                  "\url{http://www.pisa.oecd.org/dataoecd/34/19/46619755.pdf}",
  title =	 {{Summary of Results from PISA 2009 (PISA 2009
                  Ergebnisse: Zusammenfassung)}}
}

@Misc{kmk1,
  title =	 {{Bildungsbericht f{\"u}r Deutschland (Report about
                  Education in Germany)}},
  author =	 "Hermann Avenarius and Hartmut Ditton and Hans Döbert
                  and Klaus Klemm and Eckhard Klieme and Matthias
                  Rürup and Heinz-Elmar Tenorth and Horst Weishaupt
                  and Manfred Weiß",
  publisher =	 "Leske + Budrich",
  address =	 "Opladen",
  year =	 2003,
  note =
                  "\url{http://www.kmk.org/fileadmin/veroeffentlichungen_beschluesse/2003/2003_01_01-Bildungsbericht-erste-Befunde.pdf}"
}

@Misc{joy1,
  title =	 {{The Status of German today}},
  author =	 "Paul Joyce",
  year =	 2010,
  note =     "\url{http://userweb.port.ac.uk/~joyce1/abinitio/whygerm7.html}"
}

@Misc{ard1,
  author =	 {{ZDF Pressestelle (ZDF Press Office)}},
  title =	 {{ARD ZDF Onlinestudie (ARD ZDF Online Survey)}},
  note =	 "\url{http://www.ard-zdf-onlinestudie.de}"
}

@Misc{ict1,
  author =	 "Statistiken Österreich (Statistics Austria)",
  title =	 {{IKT Nutzung in Haushalten (ICT Usage in
                  Households)}},
  note =
                  "\url{http://www.statistik.at/web_en/statistics/information_society/ict_usage_in_households/041019.html}",
  year =	 2011
}

@Misc{denic1,
  author =	 "DENIC",
  title =	 {{Geschichte der DENIC eG (History of the DENIC eG)}},
  note =
                  "\url{http://www.denic.de/hintergrund/geschichte-der-denic-eg.html}"
}

@Misc{ebrands1,
  author =	 "eBrand Services",
  title =	 {{Updates to Country Code and Generic Top Level
                  Domains}},
  note =
                  "\url{http://www.ebrandservices.com/welcome-to-e-brand-services,130.html}"
}

@Misc{leo1,
  title =	 {{LEO Online Wörterbuch (LEO Online Dictionary)}},
  note =	 "\url{http://dict.leo.org}"
}

@InProceedings{lehrndorfer-etal1,
  author =	 {Anne Lehrndorfer and Stefanie Schachtl},
  title =	 {{TR09: Kontrolliertes Siemenes Dokumentationsdeutsch
                  und TopTrans (TR09: Controlled Siemens Documentary
                  German and TopTrans)}},
  booktitle =	 {Proceedings of TC Forum},
  year =	 1998,
}

@Misc{wie1,
  author =	 "Statistisches Bundesamt (Federal Statistic Office of
                  Germany)",
  title =	 {{Offizielle Universitätsstatistiken, März 2011
                  (Official University statistics, March 2011)}},
}

@Misc{laz1,
  author =	 "Gianni Lazzari",
  title =	 {{Sprachtechnologien f{\"u}r Europa (Language
                  Technology for Europe)}},
  note =
                  "\url{http://tcstar.org/pubblicazioni/D17_HLT_DE.pdf}",
  year =	 2006,
}

@Misc{latl1,
  author =	 "Yves Scherrer",
  title =	 {{Präsentationen und Veröffentlichungen
                  (Presentations and Publications)}},
  note =
                  "\url{http://www.latl.unige.ch/personal/yvesscherrer/#talks_papers.fr}"
}

@Misc{sor1,
  author =	 "sms4science",
  title =	 {{Bericht zu bestehenden Projekten und Initiativen
                  (Report on Existing Projects and Initiatives)}},
  note =	 "\url{http://www.sms4science.ch}",
  year =	 2011,
}


@Book{carstensen-etal1,
  editor = 	 {Kai-Uwe Carstensen and Christian Ebert and Cornelia Ebert and Susanne Jekat and Hagen Langer and Ralf Klabunde},
  title = 	 {{Computerlinguistik und Sprachtechnologie: Eine Einführung} ({Computational Linguistics and Language Technology: An Introduction})},
  publisher = 	 {Spektrum Akademischer Verlag},
  year = 	 {2009},
}



@Book{jurafsky-martin01,
  author =	 {Daniel Jurafsky and James H. Martin},
  title =	 {{Speech and Language Processing}},
  edition =	 {2nd},
  publisher =	 {Prentice Hall},
  year =	 2009,
}


@Book{manning-schuetze1,
  author =	 {Christopher D. Manning and Hinrich Schütze},
  title =	 {{Foundations of Statistical Natural Language
                  Processing}},
  publisher =	 {MIT Press},
  year =	 1999,
}



@Book{Ambros:1998,
  author =	 {Ambros, Arne},
  title =	 {{Bon\.{g}ornu, kif int? Einf\"{u}hrung in die
                  maltesische Sprache (Bon\.{g}ornu, kif int? Introduction to the Maltese Language)}},
  address =	 {Wiesbaden},
  publisher =	 {Reichert},
  year =	 1998,
  pages =	 {135},
}

@book{Aquilina:1987,
  author =	 {Aquilina, Joseph},
  title =	 {{Maltese-English Dictionary Vol. I, A-L}},
  year =	 1987,
  address =	 {Malta:Valletta},
  publisher =	 {Midsea Books}
}

@book{Aquilina:1990,
  author =	 {Aquilina, Joseph},
  title =	 {{Maltese-English Dictionary Vol. II, M-Z}},
  year =	 1990,
  address =	 {Malta:Valletta},
  publisher =	 {Midsea Books}
}

@TechReport{Attard:2005,
  author =	 {Attard, Duncan},
  title =	 {{A Lexicon Server Toolkit for Maltese}},
  institution =	 {Dept CSAI, University of Malta},
  year =	 2005
}

@TechReport{Bajada:2004,
  author =	 {Bajada, Jo-Ann},
  title =	 {{Investigation of Translations Equivalences from
                  Parallel Texts}},
  institution =	 {Dept CSAI, University of Malta},
  year =	 2004
}

@MastersThesis{Bajada:2009,
  author =	 {Bajada, Jo-Ann},
  title =	 {{Phrase Extraction for Machine Translation}},
  school =	 {Dept CSAI, University of Malta},
  year =	 2009
}

@book{Biber:1991,
  author =	 {Biber, Douglas},
  title =	 {{Variation across speech and writing}},
  year =	 1991,
  address =	 {Cambridge},
  publisher =	 {Cambridge University Press}
}

@TechReport{Bonnici:1997,
  author =	 {Bonnici, S.},
  title =	 {{A Hypertext Implementation of a Dictionary for the
                  Maltese Language}},
  institution =	 {Dept CSAI, University of Malta},
  year =	 1997
}

@book{Borg-Alexander:1997,
  author =	 {Borg, Albert J. and Azzopardi-Alexander, Marie},
  title =	 {{Maltese}},
  year =	 1997,
  address =	 {London and New York},
  publisher =	 {Routledge}
}

@Unpublished{Borg-et-al:2011,
  author =	 {Mark Borg and Keith Bugeja and Colin Vella and Gordon Mangion and Carmel Gaf\`{a}},
  title =	 {{Preparation of a free-running text corpus for
                  Maltese concatenative speech synthesis}},
  note =	 {GĦILM 3rd Conference on Maltese Linguistics,
                  Valletta},
  year =	 2011
}

@Book{Bovingdon:2001,
  author =	 {Bovingdon, Roderick},
  title =	 {{The Maltese language of Australia: Maltraljan: a
                  lexical compilation with linguistic notations and a
                  social, political and historical background.}},
  publisher =	 {LINCOM Europa},
  year =	 2001,
  address =	 {Munich}
}

@Book{Brincat:1995,
  author =	 {Brincat, Joseph M.},
  title =	 {{Malta 870-1054: Al-Himyar\={i}'s Account and its
                  Linguistic Implications}},
  publisher =	 {Said International},
  year =	 1995,
  address =	 {Malta}
}

@book{Brincat:2011,
  author =	 {Brincat, Joseph M.},
  title =	 {{Maltese and other Languages: a Linguistic History
                  of Malta.}},
  year =	 2011,
  address =	 {Malta},
  publisher =	 {Midsea Books}
}

@InProceedings{Buhagiar-Micallef:2008,
  author =	 {Buhagiar, Ian and Micallef, Paul},
  title =	 {{Web Based Maltese Language Text to Speech
                  Synthesiser}},
  booktitle =	 {Proceedings of WICT08},
  year =	 2008,
  organization = {University of Malta}
}

@MastersThesis{Calleja:2002,
  author =	 {Calleja, Sinclair},
  title =	 {{Speech Synthesis}},
  school =	 {Dept CSAI, University of Malta},
  year =	 2002
}

@book{Camilleri:1995,
  author =	 {Camilleri, Antoinette},
  title =	 {{Bilingualism in Education: The Maltese Experience.}},
  year =	 1995,
  address =	 {New York},
  publisher =	 {Brill}
}

@MastersThesis{Camilleri:2010,
author = {Camilleri, Roberta},
title = {{Speech Annotation System}},
school = {Dept Computer Communications Engineering, University of Malta},
year = 2010
}


@Proceedings{Comrie-et-al:2009,
  title =	 {{Introducing Maltese Linguistics. Proceedings of the
                  1st International conference on Maltese Linguistics
                  (Bremen/Germany, October, 2007)}},
  year =	 2009,
  editor =	 {Comrie, Bernard and Fabri, Ray and Mifsud, Manwel and Stolz, Thomas and
                  Vanhove, Martine},
  series =	 {Studies in Language Companion Series},
  address =	 {Amsterdam ; Philadelphia},
  publisher =	 {John Benjamins}
}

@MastersThesis{Dalli:2001,
  author =	 {Dalli, Angelo},
  title =	 {{Computational Lexicon for Maltese}},
  school =	 {Dept CSAI, University of Malta},
  year =	 2001
}

@InCollection{Ebert:2000,
  author =	 {Ebert, Karen},
  title =	 {{Aspect in Maltese}},
  booktitle =	 {Tense and Aspect in the Languages of Europe},
  pages =	 {753-788},
  publisher =	 {Mouton de Gruyter},
  year =	 2000,
  editor =	 {Dahl, \"{O}sten},
  address =	 {Berlin}
}

@book{Fabri:1993,
  author =	 {Fabri, Ray},
  title =	 {{Kongruenz und die Grammatik des Maltesischen (Agreement and the Grammar of Maltese)}},
  year =	 1993,
  address =	 {T\"{u}bingen},
  publisher =	 {Niemeyer},
  pages =	 {140},
}

@InCollection{Fabri:1995,
  author =	 {Fabri, Ray},
  title =	 {{The Tense and Aspect System of Maltese}},
  booktitle =	 {Tempussysteme in europ\"{a}ischen Sprachen II},
  pages =	 {327-343},
  publisher =	 {Niemeyer},
  year =	 1995,
  editor =	 {Thieroff, Rolf},
  address =	 {T\"{u}bingen}
}

@InCollection{Fabri:2011a,
  author =	 {Fabri, Ray},
  title =	 {{Maltese}},
  booktitle =	 {The Languages of the 25. Revue belge de Philologie
                  et d'Histoire: RBPH},
  publisher =	 {John Benjamins},
  year =	 2011,
  editor =	 {C. Delcourt and P. {van Sterkenburg}},
  number =	 {85 (2007) 3},
  address =	 {Amsterdam-Philadelphia},
  pages =	 {17--28},
}

@InCollection{Fabri:2011b,
  author =	 {Fabri, Ray},
  title =	 {{The Language of Young People and Language Change in
                  Maltese}},
  booktitle =	 {Variation and Change: The dynamics of Maltese in
                  space, time, and society},
  publisher =	 {Akademie Verlag},
  year =	 {to appear},
  editor =	 {Sandro Caruana, Ray Fabri and Thomas Stolz}
}

@TechReport{Farrugia:2008,
  author =	 {Farrugia, Alex},
  title =	 {{MULTIMORPH: A Computational Analysis of the Maltese
                  Broken Plural}},
  institution =	 {Dept CSAI, University of Malta},
  year =	 2008
}

@TechReport{Farrugia:2009,
  author =	 {Farrugia, Christopher},
  title =	 {{A Portal for Acquisition, Representation and
                  Presentation of Current Affairs in Malta}},
  institution =	 {Dept CSAI, University of Malta},
  year =	 2009
}

@TechReport{Farrugia:1999,
  author =	 {Farrugia, Paulseph-John},
  title =	 {{An Automatic Translation System for
                  Maltese/English}},
  institution =	 {Dept CSAI, University of Malta},
  year =	 1999
}

@TechReport{Farrugia:2005,
  author =	 {Farrugia, Paulseph-John},
  title =	 {{Text to Speech Technologies for Mobile Telephony
                  Services}},
  institution =	 {Dept CSAI, University of Malta},
  year =	 2005
}

@TechReport{Farrugia:2000,
  author =	 {Farrugia, Robert},
  title =	 {{SAMILS – A Semi-Automatic Machine Indexing for
                  Legal Systems}},
  institution =	 {Dept CSAI, University of Malta},
  year =	 2000
}

@TechReport{Felter:2001,
  author =	 {Felter, P.},
  title =	 {{An ical Character Recognition System for Maltese}},
  institution =	 {Dept CSAI, University of Malta},
  year =	 2001
}

@TechReport{Galea:1999,
  author =	 {Galea, David},
  title =	 {{A System for the Analysis of Maltese Verbs}},
  institution =	 {Dept CSAI, University of Malta},
  year =	 1999
}

@Book{Kunsill:2008a,
  editor =	 {Il-Kunsill Nazzjonali tal-Ilsien Malti},
  title =	 {{De\.{c}iżjonijiet 1 tal-Kunsill Nazzjonali tal-Ilsien
                  Malti dwar il-Varjanti Ortografi\.{c}i (Decisions 1 of the National Council for the Maltese Language about the Orthographic Variants)}},
  publisher =	 {Il-Kunsill Nazzjonali tal-Ilsien Malti},
  year =	 2008,
  address =	 {Il-Furjana, Malta}
}

@Book{Kunsill:2008b,
  editor =	 {{Il-Kunsill Nazzjonali tal-Ilsien Malti}},
  title =	 {{Innaqqsu l-In\.{c}ertezzi (Let's talk about uncertainties)}},
  publisher =	 {Il-Kunsill Nazzjonali tal-Ilsien Malti},
  year =	 {2008},
  note = "\url{http://www.kunsilltalmalti.gov.mt/filebank/documents/il-ktieb_finali_sa%20Nov%2008.pdf}"
}

@Article{Kilgarriff-Grefenstette:2003,
  author =	 {Kilgarriff, Adam and Grefenstette, Gregory},
  title =	 {{Introduction to the special issue on the web as
                  corpus}},
  journal =	 {Computational Linguistics},
  year =	 2003,
  number =	 29,
  pages =	 {333-347}
}

@book{Kontzi:2005,
  author =	 {Kontzi, Reinhold},
  title =	 {{Sprachkontakt im Mittelmeer: Gesammelte
                  Aufs\"{a}tze zum Maltesischen (Language Contact in the Mediterranean: Collected Essays on the Maltese Language)}},
  year =	 2005,
  address =	 {T\"{u}bingen},
  publisher =	 {Narr}
}

@TechReport{Mangion:1999,
  author =	 {Mangion, Gordon},
  title =	 {{Spelling Correction for Maltese}},
  institution =	 {Dept. Computer Science and Artificial Intelligence,
                  University of Malta},
  year =	 1999,
  address =	 {Msida MSD2080},
}

@PhdThesis{Micallef:1997,
  author =	 {Micallef, Paul},
  title =	 {{A Text to Speech Synthesis System for Maltese}},
  school =	 {University of Surrey},
  year =	 1997
}

@book{Mifsud:1995,
  author =	 {Mifsud, Manwel},
  title =	 {{Loan verbs in Maltese: a descriptive and
                  comparative study.}},
  year =	 1995,
  address =	 {Leiden etc},
  publisher =	 {Brill}
}

@TechReport{Mizzi:2000,
  author =	 {Mizzi, Ruth},
  title =	 {{The Development of a Statistical Spell Checker for
                  Maltese}},
  institution =	 {Dept. Computer Science and Artificial Intelligence,
                  University of Malta},
  year =	 2000
}

@MastersThesis{Psaila:2008,
  author =	 {Psaila, Anthony},
  title =	 {{Speech Annotation using Hidden Markov Models}},
  school =	 {Dept Computer Communications Engineering, University
                  of Malta},
  year =	 2008
}

@InProceedings{Rosner-et-al:1998,
  author =	 {Michael Rosner and Joe Caruana and Ray Fabri},
  title =	 {{Maltilex: A computational lexicon for Maltese.}},
  booktitle =	 {Computational Approaches to Semitic Languages:
                  Proceedings of the Workshop held at COLING-ACL98,
                  Université de Montréal, Canada},
  pages =	 {97–105},
  year =	 1998,
  editor =	 {Rosner, Michael}
}

@InProceedings{Rosner-et-al:2006,
  author =	 {Michael Rosner and Ray Fabri and Duncan Attard and Albert Gatt},
  title =	 {{Maltese language resource server}},
  booktitle =	 {Proceedings of CSAW06},
  pages =	 {90–98},
  year =	 2006,
  address =	 {University of Malta},
  month =	 {November}
}

@InProceedings{Rosner:2009,
  author =	 {Rosner, Michael},
  title =	 {{Electronic language resources for Maltese}},
  booktitle =	 {Introducing Maltese Linguistics. Proceedings of the
                  1st International conference on Maltese Linguistics
                  (Bremen/Germany, October, 2007)},
  pages =	 {251-276},
  year =	 2009,
  editor =	 {Comrie, Bernard and Fabri, Ray and Mifsud, Manwel and Stolz, Thomas and Vanhove, Martine},
  series =	 {Studies in Language Companion Series},
  address =	 {Amsterdam; Philadelphia},
  publisher =	 {John Benjamins}
}

@book{Sciriha:1997,
  author =	 {Sciriha, Lydia},
  title =	 {{The Maltese Interactive Picture Dictionary}},
  year =	 1997,
  address =	 {Melbourne},
  publisher =	 {Protea Textware},
  note =	 {ISBN 978-0958733007}
}

@InProceedings{Ussishkin-et-al:2009,
  author =	 {Ussishkin, Adam and Francom, Jerid and Woudstra, Dainon},
  title =	 {{Creating a Web-based Lexical Corpus and
                  Information-extraction Tools for the Semitic
                  Language Maltese}},
  booktitle =	 {Proceedings of the SALTMIL Workshop, Donostia},
  year =	 2009,
  month =	 {September},
  note =	 {ISBN: 978-84-692-4940-6}
}

@InProceedings{Vella-Farrugia:2006,
  author =	 {Vella, Alexandra and Paulseph-John Farrugia},
  title =	 {{MalToBI – Building an Annotated Corpus of Spoken
                  Maltese}},
  booktitle =	 {Online Proceedings of the 3rd International
                  Conference on Speech Prosody},
  year =	 2006,
  address =	 {Dresden},
  organization = {ISCA Special Interest Group on Speech Prosody
                  (SProSIG)},
  note =
                  {\url{http://aune.lpl.univ-aix.fr/~sprosig/sp2006/contents/papers/PS5-31_0136.pdf}}
}

@InProceedings{Vella:2009,
  author =	 {Vella, Alexandra},
  title =	 {{On Maltese Prosody}},
  booktitle =	 {Introducing Maltese Linguistics. Proceedings of the
                  1st International conference on Maltese Linguistics
                  (Bremen/Germany, October, 2007)},
  pages =	 {47-68},
  year =	 2009,
  editor =	 {Comrie, Bernard and Fabri, Ray and Mifsud, Manwel and Stolz, Thomas and
                  Vanhove, Martine},
  series =	 {Studies in Language Companion Series},
  address =	 {Amsterdam; Philadelphia},
  publisher =	 {John Benjamins}
}

@TechReport{Vella:2010,
  author =	 {Vella, Gilbert},
  title =	 {{Automatic Summarization of Legal Documents}},
  institution =	 {Dept. CSAI, University of Malta},
  year =	 2010
}


@Misc{NSO1,
  title =	 {{National Statistics Office of Malta}},
  note =
                  "\url{http://www.nso.gov.mt/statdoc/document_file.aspx?id=2840}"
}

@Misc{Kunsill1,
  title =	 {{Il-Kunsill Nazzjonali tal-Ilsien Malti}},
  note =	 "\url{http://www.kunsilltalmalti.gov.mt/}"
}

@Misc{Akkademja1,
  title =	 {{Akkademja tal-Malti.}},
  note =	 "\url{http://www.akkademjatalmalti.com/}"
}

@Misc{Akkademja2,
  title =	 {{Għaqda Internazzjonali tal-Lingwistika Maltija}},
  note =
                  "\url{http://www.fb10.uni-bremen.de/ghilm/default.aspx}"
}

@Misc{NSO2,
  title =	 {{National Statistics Office of Malta}},
  note =
                  "\url{http://www.nso.gov.mt/statdoc/document_file.aspx?id=2651}"
}

@Misc{Eurobarometer1,
  author =	 "EUROPA - Press Releases",
  title =	 {{Digital Agenda: more than half EU Internet surfers
                  use foreign language when online}},
  note =
                  "\url{http://europa.eu/rapid/pressReleasesAction.do?reference=IP/11/556&format=HTML&age
                  d=0&language=EN&guiLanguage=en}"
}

@Misc{TimesOfMalta1,
  author =	 "The Times of Malta",
  title =	 {{Maltese language hardly used on the internet}},
  year =	 2011,
  note =	 "16/05/2011"
}

@Misc{Gatt1mt,
  title =	 {{L-awturi huma obbligati lejn Dr Albert Gatt
                  (L-Istitut tal-Lingwistika, L-Università ta' Malta)
                  talli ġibed l-attenzjoni tagħhom għal dan
                  id-dokument.}}
}

@Misc{Gatt1en,
  title =	 {{The authors are indebted to Dr Albert Gatt
                  (Institute of Linguistics, University of Malta) for
                  drawing their attention to this paper.}}
}

@Misc{GovernmentOfMalta1,
  note =	 "\url{http://www.gov.mt/}"
}

@Misc{NetTV1,
  note =	 "\url{http://www.nettv.com.mt/}"
}

@Misc{OneTV1,
  note =	 "\url{http://www.one.com.mt}"
}

@Misc{RTK1,
  note =	 "\url{http://www.rtk.org.mt/}"
}

@Misc{PBS1,
  note =	 "\url{http://www.pbs.com.mt/}"
}

@Misc{radio101,
  note =	 "\url{http://www.radio101.com.mt/}"
}

@Misc{EURLex1,
  note =	 "\url{http://eur-lex.europa.eu}"
}

@Misc{JRC-Acquis1,
  note =	 "\url{http://langtech.jrc.it/JRC-Acquis.html}"
}

@Misc{MLRS1,
  note =	 "\url{http://mlrs.research.um.edu.mt/}"
}

@Misc{Linux-spellcheck1,
  note =	 "\url{http://linux.org.mt/spellcheck}"
}

@Misc{philb1,
  note =	 "\url{http://www.philb.com/cse/malta.htm}"
}

@Misc{charonite1,
  note =	 "\url{http://www.charonite.com}"
}

@Misc{let1,
  note =	 "\url{http://www.let.uu.nl/lt4el/}"
}

@proceedings{GHILM2,
  editor =	 {{International Association of Maltese Linguistics (GĦILM )}},
  Title =	 {{ILSIENNA/Our Language}},
  publisher =	 {Universit\"{a}tsverlag Brockmeyer},
  year =	 "2009",
  address =	 "Bochum"
}

% =================================================================

@Misc{Meta1,
  author =	 {Aljoscha Burchardt and Georg Rehm and Felix Sasaki},
  title =	 {{The Future European Multilingual Information
                  Society -- Vision Paper for a Strategic Research
                  Agenda}},
  institution =	 {META-NET},
  year =	 2011,
  note =
                  "\url{http://www.meta-net.eu/vision/reports/meta-net-vision-paper.pdf}",
}

@Article{rehm2011,
  author =	 {Georg Rehm and Hans Uszkoreit},
  title =	 {Multilingual {Europe}: {A} challenge for language
                  tech},
  journal =	 {MultiLingual},
  year =	 2011,
  volume =	 22,
  number =	 3,
  pages =	 {51--52},
  month =	 {April/May}
}

@Misc{EC1,
  author =	 "Directorate-General Information Society \& Media of
                  the European Commission",
  title =	 {{User Language Preferences Online}},
  series =	 "Flash Eurobarometer",
  number =	 313,
  year =	 2011,
  note =
                  "\url{http://ec.europa.eu/public_opinion/flash/fl_313_en.pdf}"
}

@Misc{EC2,
  author =	 "European Commission",
  title =	 {{Multilingualism: an Asset for Europe and a Shared
                  Commitment}},
  year =	 2008,
  note =
                  "\url{http://ec.europa.eu/languages/pdf/comm2008_en.pdf}",
}

@Misc{Unesco1,
  title =	 {{Intersectoral Mid-term Strategy on Languages and
                  Multilingualism}},
  year =	 2007,
  address =	 "Paris",
  author =	 "Directorate-General of the UNESCO",
  note =
                  "\url{http://unesdoc.unesco.org/images/0015/001503/150335e.pdf}",
}

@Misc{EC3,
  title =	 {{Size of the Language Industry in the EU}},
  year =	 2009,
  address =	 "Kingston Upon Thames",
  author =	 "Directorate-General for Translation of the European
                  Commission",
  note =
                  "\url{http://ec.europa.eu/dgs/translation/publications/studies}"
}

@Misc{Eur1,
  author =	 "Translation Centre for the Bodies of the European
                  Union",
  title =	 {{Our EU Languages}},
  note =
                  "\url{http://cdt.europa.eu/EN/whoweare/Pages/OurEUlanguages.aspx}"
}

@Misc{Goe1,
  title =	 {{Deutsch als Fremdsprache weltweit -- Datenerhebung
                  2005 (German as a Foreign Language -- 2005 Survey)}},
  author =	 "StADaF -- St{\"a}ndige Arbeitsgruppe Deutsch als
                  Fremdsprache (Working Group German
                  as a Foreign Language)",
  note =
                  "\url{http://www.goethe.de/mmo/priv/1459127-STANDARD.pdf}"
}

@Misc{Efni1,
  title =	 {{About Germany}},
  author =	 "EFNIL -- European Federation of National
                  Institutions for Languages",
  year =	 2009,
  note =
                  "\url{http://www.efnil.org/documents/language-legislation-version-2007/germany/germany}"
}

@Misc{Cano1,
  author =	 "Canoo Engineering AG",
  title =	 {{Zur Deutschen Rechtschreibreform (About the German
                  Spelling Reform)}},
  note =
                  "\url{http://www.canoo.net/services/GermanSpelling/Reform/fremdwoerter/eindeutschung-lebend.jsp?MenuId=GermanSpellingReform111}",
}

@Book{Lemni1,
  author =	 "Lothar Lemnitzer",
  title =	 {{Von Aldianer bis Zauselquote (From Aldianer to
                  Zauselquote)}},
  publisher =	 "Gunter Narr Verlag",
  year =	 2007,
  address =	 {T{\"u}bingen}
}

@Book{Sick1,
  author =	 "Bastian Sick",
  title =	 {{Der Dativ ist dem Genitiv sein Tod -- Ein Wegweiser
                  durch den Irrgarten der deutschen Sprache (The
                  Dative is the Genitive its Death -- How to navigate
                  the Labyrinth that is the German Language)}},
  publisher =	 "Kiepenheuer und Witsch",
  year =	 2004,
  address =	 {K{\"o}ln}
}

@Misc{Sick2,
  author =	 "Bastian Sick",
  title =	 {{Zwiebelfisch -- Kolumne in Der Spiegel (Zwiebelfisch --
                  Column in the weekly journal Der Spiegel)}},
  note =	 "\url{http://www.spiegel.de/thema/zwiebelfisch/}" 
}

@Book{Schn1,
  author =	 {Wolf Schneider},
  title =	 {{Speak German! Warum Deutsch manchmal besser ist
                  (Speak German! Why German sometimes is the better
                  choice)}},
  publisher =	 {Rowohlt},
  year =	 2008,
}

@Misc{Pisa1,
  author =	 "OECD",
  note =
                  "\url{http://www.pisa.oecd.org/dataoecd/34/19/46619755.pdf}",
  title =	 {{Summary of Results from PISA 2009}}
}

@Misc{kmk1,
  title =	 {{Bildungsbericht f{\"u}r Deutschland (Report about
                  Education in Germany)}},
  author =	 "Hermann Avenarius and Hartmut Ditton and Hans Döbert
                  and Klaus Klemm and Eckhard Klieme and Matthias
                  Rürup and Heinz-Elmar Tenorth and Horst Weishaupt
                  and Manfred Weiß",
  publisher =	 "Leske + Budrich",
  address =	 "Opladen",
  year =	 2003,
  note =
                  "\url{http://www.kmk.org/fileadmin/veroeffentlichungen_beschluesse/2003/2003_01_01-Bildungsbericht-erste-Befunde.pdf}"
}

@Misc{joy1,
  title =	 {{The Status of German today}},
  author =	 "Paul Joyce",
  year =	 2010,
  note =
                  "\url{http://www.pauljoycegerman.co.uk/abinitio/whygerm7.html}"
}

@Misc{ard1,
  author =	 {{ZDF Pressestelle (ZDF Press Office)}},
  title =	 {{ARD ZDF Onlinestudie (ARD ZDF Online Survey)}},
  note =	 "\url{http://www.ard-zdf-onlinestudie.de}"
}

@Misc{ict1,
  author =	 "Statistiken Österreich (Statistics Austria)",
  title =	 {{IKT Nutzung in Haushalten (ICT Usage in
                  Households)}},
  note =
                  "\url{http://www.statistik.at/web_en/statistics/information_society/ict_usage_in_households/041019.html}",
  year =	 2011
}

@Misc{denic1,
  author =	 "DENIC",
  title =	 {{Geschichte der DENIC eG (History of the DENIC eG)}},
  note =
                  "\url{http://www.denic.de/hintergrund/geschichte-der-denic-eg.html}"
}

@Misc{ebrands1,
  author =	 "eBrand Services",
  title =	 {{Updates to Country Code and Generic Top Level
                  Domains}},
  note =
                  "\url{http://www.ebrandservices.com/welcome-to-e-brand-services,130.html}"
}

@Misc{leo1,
  title =	 {{LEO Online Wörterbuch (LEO Online Dictionary)}},
  note =	 "\url{http://dict.leo.org}"
}

@Article{zar1,
  author =	 {Jerrold H. Zar},
  title =	 {{Candidate for a Pullet Surprise}},
  journal =	 {Journal of Irreproducible Results},
  year =	 1994,
  pages =	 13,
}

@InProceedings{lehrndorfer-etal1,
  author =	 {Anne Lehrndorfer and Stefanie Schachtl},
  title =	 {{TR09: Kontrolliertes Siemenes Dokumentationsdeutsch
                  und TopTrans (TR09: Controlled Siemens Documentary
                  German and TopTrans)}},
  booktitle =	 {Proceedings of TC Forum},
  year =	 1998,
}

@Misc{spi1,
  author =	 "Spiegel Online",
  title =	 {{Google zieht weiter davon (Google is still leaving
                  everybody behind)}},
  year =	 2009,
  note =
                  "\url{http://www.spiegel.de/netzwelt/web/0,1518,619398,00.html}"
}

@Misc{pc1,
  title =	 {{Google Rolls out Semantic Search Capabilities}},
  author =	 "Juan Carlos Perez",
  publisher =	 "PCWorld",
  year =	 2009,
  note =
                  "\url{http://www.pcworld.com/businesscenter/article/161869/google_rolls_out_semantic_search_capabilities.html}"
}

@InProceedings{bleu1,
  author =	 {Kishore Papineni and Salim Roukos and Todd Ward and
                  Wei-Jing Zhu},
  title =	 {{BLEU: A Method for Automatic Evaluation of Machine
                  Translation}},
  booktitle =	 {Proceedings of the 40th Annual Meeting of ACL},
  year =	 2002,
  address =	 {Philadelphia, PA},
}

@Misc{wie1,
  author =	 "Statistisches Bundesamt (Federal Statistic Office of
                  Germany)",
  title =	 {{Offizielle Universitätsstatistiken, März 2011
                  (Official University statistics, March 2011)}},
}

@Misc{laz1,
author = {Gianni Lazzari},
title = {{Human Language Technologies for Europe}},
note =
"\url{http://cordis.europa.eu/documents/documentlibrary/90834371EN6.pdf}",
year = 2006,
}


@Misc{latl1,
  author =	 "Yves Scherrer",
  title =	 {{Präsentationen und Veröffentlichungen
                  (Presentations and Publications)}},
  note =
                  "\url{http://www.latl.unige.ch/personal/yvesscherrer/#talks_papers.fr}"
}

@Misc{sor1,
  author =	 "sms4science",
  title =	 {{Bericht zu bestehenden Projekten und Initiativen
                  (Report on Existing Projects and Initiatives)}},
  note =	 "\url{http://www.sms4science.ch}",
  year =	 2011,
}

@InProceedings{euro1,
  author =	 {Philipp Koehn and Alexandra Birch and Ralf
                  Steinberger},
  title =	 {{462 Machine Translation Systems for Europe}},
  booktitle =	 {Proceedings of MT Summit XII},
  year =	 2009,
}



@Misc{lt-world1,
  title = 	 {{Language Technology World (LT World)}},
  note =
                  "\url{http://www.lt-world.org}",
}

@Book{lt-survey1,
  editor =	 {Ronald Cole and Joseph Mariani and Hans Uszkoreit
                  and Giovanni Battista Varile and Annie Zaenen and
                  Antonio Zampolli},
  title =	 {{Survey of the State of the Art in Human Language
                  Technology}},
  publisher =	 {Cambridge University Press},
  year =	 {1998},
}
