@Misc{Meta1,
  author =	 {Aljoscha Burchardt and Georg Rehm and Felix Sasaki},
  title =	 {{The Future European Multilingual Information Society -- Vision
                  Paper for a Strategic Research Agenda}},
  institution =	 {META-NET},
  year =	 2011,
  note =         "\url{http://www.meta-net.eu/vision/reports/meta-net-vision-paper.pdf}",
}

@Misc{EC1,
  author =	 "Directorate-General Information Society \& Media of the European
                  Commission",
  title =	 {{User Language Preferences Online}},
  series =	 "Flash Eurobarometer",
  number =	 313,
  year =	 2011,
  note =
                  "\url{http://ec.europa.eu/public_opinion/flash/fl_313_en.pdf}"
}

@Misc{EC2,
  author =	 "European Commission",
  title =	 {{Multilingualism: an Asset for Europe and a Shared Commitment}},
  year =	 2008,
  note =
                  "\url{http://ec.europa.eu/languages/pdf/comm2008_en.pdf}",
}

@Misc{Unesco1,
  title =	 {{Intersectoral Mid-term Strategy on Languages and
                  Multilingualism}},
  year =	 2007,
  address =	 "Paris",
  author =	 "Directorate-General of the UNESCO",
  note =
                  "\url{http://unesdoc.unesco.org/images/0015/001503/150335e.pdf}",
}

@Misc{EC3,
  title =	 {{Size of the Language Industry in the EU}},
  year =	 2009,
  address =	 "Kingston Upon Thames",
  author =	 "Directorate-General for Translation
                  of the European Commission",
  note =
                  "\url{http://ec.europa.eu/dgs/translation/publications/studies}"
}

@Misc{Eur1,
  author =	 "Translation Centre for the
                  Bodies of the European Union",
  title =	 {{Our EU Languages}},
  note =
                  "\url{http://cdt.europa.eu/EN/whoweare/Pages/OurEUlanguages.aspx}"
}



@Misc{Efnil1,
  title =	 {{Poland. Legal framework}},
  author =	 "EFNIL -- European Federation of
                  National Institutions for Languages",
  year =	 2009,
  note =
                  "\url{http://www.efnil.org/documents/language-legislation-version-2007/poland/poland}"
}

@Book{Oecd1,
  author =	 "OECD",
  title =	 {{PISA 2009 Results: Overcoming Social Background – Equity in Learning Opportunities and Outcomes (Volume II)}},
 publisher = "OECD",
  year =	 2010,
  note =
                "\url{http://dx.doi.org/10.1787/9789264091504-en}",
}

@Misc{Rp1,
  title =	 {{16,3 miliona internautów w Polsce -- 16.3 Users of the Internet in Poland}},
  author =	 "Rzeczpospolita",
  year =	 2011,
  month ="19.04",
  note =
                "\url{http://www.rp.pl/artykul/645517.html}",
}

@Misc{Wiki1,
  title =	 {{List of Wikipedias}},
  note =	 "\url{http://meta.wikimedia.org/wiki/List_of_Wikipedias}" 
}

@Misc{Pisa1,
  author =	 "OECD",
  note =
                  "\url{http://www.pisa.oecd.org/dataoecd/34/19/46619755.pdf}",
  title =	 {{Summary of Results from PISA 2009}}
}

@Misc{Krd1,
  title =	 {{Krajowy Rejestr Domen}},
  year =	 2011,
  note =
                  "\url{http://www.dns.pl/zonestats.html}"
}

@Misc{ard1,
  author =	 "ZDF Pressestelle (ZDF Press Office)",
  title =	 {{ARD ZDF Onlinestudie (ARD ZDF Online Survey)}},
  note =	 "\url{http://www.ard-zdf-onlinestudie.de}"
}

@Misc{ict1,
  author =	 "Statistiken Österreich (Statistics Austria)",
  title =	 {{IKT Nutzung in Haushalten (ICT Usage in
                  Households)}},
  note =
                  "\url{http://www.statistik.at/web_en/statistics/information_society/ict_usage_in_households/041019.html}",
  year =	 2011
}

@Misc{denic1,
  author =	 "DENIC",
  title =	 {{Geschichte der DENIC eG (History of the DENIC eG)}},
  note =
                  "\url{http://www.denic.de/hintergrund/geschichte-der-denic-eg.html}"
}

@Misc{ebrands1,
  author =	 "eBrand Services",
  title =	 {{Updates to Country Code and Generic Top Level Domains}},
  note =         "\url{http://www.ebrandservices.com/welcome-to-e-brand-services,130.html}"
}

@Misc{ling1,
  title =	 {{Ling.pl}},
  note =	 "\url{http://ling.pl}"
}

@Article{zar1,
  author =	 {Jerrold H. Zar},
  title =	 {{Candidate for a Pullet Surprise}},
  journal =	 {Journal of Irreproducible Results},
  year =	 1994,
  pages =	 13,
}

@InProceedings{lehrndorfer-etal1,
  author =	 {Anne Lehrndorfer and Stefanie Schachtl},
  title =	 {{TR09: Kontrolliertes Siemenes Dokumentationsdeutsch
                  und TopTrans (TR09: Controlled Siemens Documentary
                  German and TopTrans)}},
  booktitle =	 {Proceedings of TC Forum},
  year =	 1998,
}

@Misc{spi1,
  author =	 "Spiegel Online",
  title =	 {{Google zieht weiter davon (Google is still leaving
                  everybody behind)}},
  year =	 2009,
  note =
                  "\url{http://www.spiegel.de/netzwelt/web/0,1518,619398,00.html}"
}

@Misc{pc1,
  title =	 {{Google Rolls out Semantic Search Capabilities}},
  author =	 "Juan Carlos Perez",
  publisher =	 "PCWorld",
  year =	 2009,
  note =
                  "\url{http://www.pcworld.com/businesscenter/article/161869/google_rolls_out_semantic_search_capabilities.html}"
}

@InProceedings{bleu1,
  author =	 {Kishore Papineni and Salim Roukos and Todd Ward and Wei-Jing Zhu},
  title =	 {{BLEU: A Method for Automatic Evaluation of Machine Translation}},
  booktitle =	 {Proceedings of the 40th Annual Meeting of ACL},
  year =	 2002,
  address =	 {Philadelphia, PA},
}

@Misc{wie1,
  author =	 "Statistisches Bundesamt (Federal Statistic Office of
                  Germany)",
  title =	 {{Offizielle Universitätsstatistiken, März 2011
                  (Official University statistics, March 2011)}},
}

@Misc{laz1,
  author =	 "Gianni Lazzari",
  title =	 {{Sprachtechnologien f{\"u}r Europa (Language
                  Technology for Europe)}},
  note =
                  "\url{http://tcstar.org/pubblicazioni/D17_HLT_DE.pdf}",
  year =	 2006,
}

@Misc{latl1,
  author =	 "Yves Scherrer",
  title =	 {{Präsentationen und Veröffentlichungen
                  (Presentations and Publications)}},
  note =
                  "\url{http://www.latl.unige.ch/personal/yvesscherrer/#talks_papers.fr}"
}

@Misc{sor1,
  author =	 "sms4science",
  title =	 {{Bericht zu bestehenden Projekten und Initiativen
                  (Report on Existing Projects and Initiatives)}},
  note =	 "\url{http://www.sms4science.ch}",
  year =	 2011,
}

@InProceedings{euro1,
  author =	 {Philipp Koehn and Alexandra Birch and Ralf
                  Steinberger},
  title =	 {{462 Machine Translation Systems for Europe}},
  booktitle =	 {Proceedings of MT Summit XII},
  year =	 2009,
}


@Book{jurafsky-martin01,
  author = 	 {Daniel Jurafsky and James H. Martin},
  title = 	 {{Speech and Language Processing (2nd Edition)}},
  publisher = 	 {Prentice Hall},
  year = 	 {2009},
}

@Book{manning-schuetze1,
  author = 	 {Christopher D. Manning and Hinrich Schütze},
  title = 	 {{Foundations of Statistical Natural Language Processing}},
  publisher = 	 {MIT Press},
  year = 	 {1999},
}

@Misc{lt-world1,
  title = 	 {{Language Technology World (LT World)}},
  note =
                  "\url{http://www.lt-world.org}",
}

@Book{lt-survey1,
  editor = 	 {Ronald Cole and Joseph Mariani and Hans Uszkoreit and Giovanni Battista Varile and Annie Zaenen and Antonio Zampolli},
  title = 	 {{Survey of the State of the Art in Human Language Technology (Studies in Natural Language Processing)}},
  publisher = 	 {Cambridge University Press},
  year = 	 {1998},
}

@Misc{ hag1,
author =	"Hagstofa Íslands (Statistics Iceland)",
title =		{{Mannfjöldi (Census)}},
note = 		"\url{http://www.hagstofa.is/Hagtolur/Mannfjoldi}",
}

@Misc{ vis1,
author = 	"Emilía Dagný Sveinbjörnsdóttir",
title =  	{{Hvað búa margir Íslendingar í útlöndum? (How many Icelanders live abroad?)}},
publisher = 	"Vísindavefurinn",
year =		2010,
note = 		"\url{http://visindavefur.is/?id=53154}",
}

@Misc{ can1,
author = 	"Statistics Canada",
title = 	{{Census}},
note = 		"\url{http://www12.statcan.ca/census-recensement/index-eng.cfm}",
}

@Misc{ alt1,
author = 	"Alþingi (Icelandic Parliament)",
title = 	{{Lög um stöðu íslenskrar tungu og íslensks táknmáls (Law on the official status of the Icelandic Language and Icelandic Sign Language)}},
year =		2011,
note = 		"\url{http://www.althingi.is/altext/139/s/1570.html}",
}

@Misc{ mal1,
title = 	"Íslenskar mállýskur (Icelandic dialects)",
note = 		"\url{http://mallyskur.is}",
}

@Misc{ tvi1,
author = 	{Bjarki M Karlsson},
title =		{{Tvinnhljóð í íslensku (Affricates in Icelandic)}},
year = 		{2007},
publisher =	{Háskóli Íslands (University of Iceland)},
note = 		"\url{http://fraedi.is/tvinnhljod/}",
}
@Misc{ arn1,
author = 	"Stofnun Árna Magnússonar í íslenskum fræðum (The Árni Magnússon Institute for Icelandic Studies)",
title = 	{{Íslensk málnefnd (Icelandic Language Council)}},
note = 		"\url{http://www.arnastofnun.is/page/arnastofnun_mal_islenskmalnefnd}",
}

@Misc{ arn2,
author = 	"Stofnun Árna Magnússonar í íslenskum fræðum (The Árni Magnússon Institute for Icelandic Studies)",
title = 	{{Málræktarsjóður (The Icelandic Language Cultivation Fund)}},
note = 		"\url{http://www.arnastofnun.is/page/arnastofnun_mal_malraektarsjodur}",
}

@Misc{ alt2,
author = 	"Alþingi (Icelandic Parliament)",
title = 	{{Lög um Stofnun Árna Magnússonar í íslenskum fræðum (Law on the Árni Magnússon Institute for Icelandic Studies)}},
year = 		2006,
note = 		"\url{http://www.althingi.is/lagas/139a/2006040.html}",
}

@Misc{ hag2,
author = 	"Hagstofa Íslands (Statistics Iceland)",
title = 	{{Útvarp (Radio)}},	
note = 		"\url{http://www.hagstofa.is/Hagtolur/Menningarmal/Utvarp}",
}

@Misc{ alt3,
author = 	"Alþingi (Icelandic Parliament)",
title = 	{{Útvarpslög (Law on Radio and Television)}},
year = 		2000,
note = 		"\url{http://www.althingi.is/lagas/139a/2000053.html}",
}

@Misc{ men1,
author = 	"Menntamálaráðuneytið (Ministry of Education and Science and Culture)",
title = 	{{Dagur íslenskrar tungu (Icelandic Language Day)}},
note = 		"\url{http://www.menntamalaraduneyti.is/menningarmal/dit/}",
}

@Misc{ men2,
author = 	"Menntamálaráðuneytið (Ministry of Education and Science and Culture)",
title = 	{{Aðalnámskrá grunnskóla (The National Guide for Compulsory Schools)}},
year = 		2011,
note = 		"\url{http://www.menntamalaraduneyti.is/utgefid-efni/namskrar/nr/3953}",
}

@Misc{ men3,
author = 	"Menntamálaráðuneytið (Ministry of Education and Science and Culture)",
title = 	{{Aðalnámskrá framhaldsskóla (The National Guide for Secondary Schools)}},
year = 		2011,
note = 		"\url{http://www.menntamalaraduneyti.is/utgefid-efni/namskrar/nr/3954}",
}

@Misc{ nam1,
author = 	{Almar M. Halldórsson and Ragnar F. Ólafsson and Óskar H. Níelsson and Júlíus K. Björnsson},
title = 	{{Íslenskir nem\-endur við lok grunnskólans. Helstu niðurstöður PISA 2009 rannsóknarinnar um lesskilning og læsi í stærðfræði og náttúrufræði (Icelandic pupils at the end of compulsory school)}},
publisher = 	{Námsmatsstofnun},
year = 		2010,
note = 		"\url{http://www.namsmat.is/vefur/rannsoknir/PISA_2009/pisa_2009_island.pdf}",
}

@Misc{ iol1,
title = 	"Icelandic Online",
note = 		"\url{http://icelandiconline.is}",
}

@Misc{ vis2,
author = 	"Gauti Kristmannsson",
title = 	{{ESB er sterkasti leikur íslenskrar tungu (Joining the EU would be the strongest move for Icelandic)}},
publisher = 	{Fréttablaðið},
year = 		2010,
note = 		"\url{http://www.visir.is/article/20101001/FRETTIR01/175424536}"
}

@Misc{ enl1,
author = 	"European Commission Enlargement",
title = 	{{Commission Opinion on Iceland's application for membership of the European Union}},
publisher = 	"European Commission",
year = 		2010,
note = 		"\url{http://ec.europa.eu/enlargement/press_corner/key-documents/opinion-iceland_2010_en.htm}",
}

@Misc{ sta1,
author = 	"Internet World Stats",
title = 	{{Internet Users in Europe March 31, 2011}},
year = 		2011,
note = 		"\url{http://www.internetworldstats.com/stats4.htm#european}",
}

@Misc{ fac1,
author = 	"CheckFacebook.com",
note = 		"\url{http://www.checkfacebook.com}",
}

@Misc{ lto1,
author = 	"LanguageTool",
title = 	{{Style and Grammar Checker}},
note = 		"\url{http://www.languagetool.org}",
}

@Article{rehm2011,
  author =	 {Georg Rehm and Hans Uszkoreit},
  title =	 {Multilingual {Europe}: {A} challenge for language
                  tech},
  journal =	 {MultiLingual},
  year =	 2011,
  volume =	 22,
  number =	 3,
  pages =	 {51--52},
  month =	 {April/May}
}
 @Book{lwpgerman,
  author =      {Aljoscha Burchardt and Markus Egg and Kathrin Eichler and Brigitte Krenn and Jörn Kreutel and Annette Leßmöllmann and Georg Rehm and Manfred Stede and Hans Uszkoreit and Martin Volk},
  title =  {{Die Deutsche Sprache im Digitalen Zeitalter -- The German Language in the Digital Age}},
  publisher =   {Springer},
  year =         2012,
  series =      {META-NET White Paper Series. Georg Rehm and Hans Uszkoreit (Series Editors)}
}

@Misc{korpus1,
title = 	{{Korpus IPI -- IPI Korpus}},
note = 		"\url{http://korpus.pl}"
}

@Misc{nkjp1,
title = {{Narodowy Korpus Języka Polskiego -- National Corpus of Polish}},
note = "\url{http://www.nkjp.pl}"
}

@Misc{plagiat1,
title = "Serwis plagiat.pl",
note = "\url{http://plagiat.pl}"
}
@Misc{centers1,
title = {{Linguistic Engineering Research Centers in Poland}},
note = "\url{http://clip.ipipan.waw.pl/Centers}"
}

@Book{mykowiecka1,
author = {Mykowiecka, Agnieszka},
title = {{Inżynieria lingwistyczna: komputerowe przetwarzanie tekstów w języku naturalnym -- Linguistic Engineering: Computer Processing of Natural Language Texts}},
year = 2007,
publisher = "Wydawnictwo Polsko-Japońskiej Wyższej Szkoły Technik Komputerowych",
address = "Warszawa"
}

@article{Mikowski2010,
author = {Miłkowski, Marcin},
doi = {10.1002/spe.971},
issn = {00380644},
journal = {Software: Practice and Experience},
number = {7},
pages = {543--566},
title = {{Developing an open-source, rule-based proofreading tool}},
url = {http://doi.wiley.com/10.1002/spe.971},
volume = {40},
year = {2010}
}

@book{Piasecki2009,
address = {Wrocław},
author = {Piasecki, Maciej and Szpakowicz, Stanisław and Broda, Bartosz},
publisher = {Oficyna Wydawnicza Politechniki Wrocławskiej},
title = {{A Wordnet from the Ground Up}},
year = {2009}
}

@Misc{Slowosiec1,
title = "Słowosieć",
note = "\url{http://www.plwordnet.pwr.wroc.pl/main/}"
}

@book{Bralczyk1,
title={{Słowo o słowie -- A word about words}},
author={Bralczyk, Jerzy},
year={2009},
address = {Warszawa},
publisher = {{Wydawnictwo Naukowe PWN}}
}

@book{Grzenia1,
title={{Komunikacja językowa w Internecie -- Linguistic Communication over the Internet}},
author={Grzenia, Jan},
address={Warszawa},
year={2006},
publisher = {{Wydawnictwo Naukowe PWN}}
}

@book{Mazur1,
title={{Słownictwo współczesnej polszczyzny w okresie przemian -- Vocabulary of Polish during the Transformation Period}},
editor={Mazur, Jan},
address={Lublin},
year = {2000}
publisher = {Wydawnictwo Uniwersytetu Marii Curie-Skłodowskiej}
}

@Book{Lazinski1,
author={Łaziński, Marek},
title={{O panach i paniach -- On Sirs and Madams}},
year= {2006},
address = {Warszawa},
publisher = {{Wydawnictwo Naukowe PWN}}
}

@Book{Bralczyk2,
editor={Bralczyk, Jerzy and Mosiołek-Kłosińska, Katarzyna},
title={{Zmiany w publicznych zwyczajach językowych -- Changes in Public Linguistic Conventions}},
year = {2001},
address = {Warszawa},
publisher = {Rada Języka Polskiego przy Prezydium PAN}
}

@Misc{Clip2,
title={{Computational Linguistics in Poland}},
note="\url{http://clip.ipipan.waw.pl}"
}

@Misc{rjp1,
author={{Rada Języka Polskiego}},
title={{Kampania społeczna „Ojczysty – dodaj do ulubionych” -- Council for Polish Language. Social campaign "Native -- add to Favorites!"}},
note="\url{http://www.rjp.pan.pl/index.php?option=com_content&view=article&id=1329:ojczysty-dodaj-do-ulubionych&catid=82:przedsiwzicia-promujce-polszczyzn}"
}

@Book{gus1,
title={{Wyniki Narodowego Spisu  Powszechnego Ludności i Mieszkań 2011. Podstawowe informacje o sytuacji  demograficzno-społecznej ludności Polski oraz zasobach mieszkaniowych -- The results of the Census 2011}},
author={{Główny Urząd Statystyczny -- Central Statistical Office}},
address="Warszawa",
year = {2012},
note="\url{http://www.stat.gov.pl/cps/rde/xbcr/gus/PUBL_lu_nps2011_wyniki_nsp2011_22032012.pdf}"
}

@Book{Pisarek2007,
title={{The Polish Language}},
author={{Pisarek, Walery}},
address = "Warszawa",
year = {2007},
publisher =  {Rada Języka Polskiego przy Prezydium PAN},
note="\url{http://www.rjp.pan.pl/images/stories/pliki/broszury/jp_angielski.pdf}"
}

@Book{Chlopicki2000,
title={{Angielski w polskiej reklamie -- English in Polish Advertising}},
author={{Chłopicki, Władysław and Jerzy Świątek}},
year={2000},
address={Warszawa},
publisher ={Wydawnictwo Naukowe PWN}
}

@Misc{poradniapwn,
title={{Poradnia językowa PWN -- Linguistic counseling of the PWN publishers}},
note="\url{http://poradnia.pwn.pl}"
}

@Book{Jassem2006,
title={{Przetwarzanie tekstów polskich w systemie tłumaczenia automatycznego POLENG -- Processing of Polish Texts in the Machine Translation System POLENG}},
publisher = {{Wydawnictwo Naukowe UAM}},
author={{Jassem, Krzysztof}},
address={Poznań},
year = {2006}
}

@Book{SGJP,
title={{Słownik gramatyczny języka polskiego: podstawy teoretyczne -- Grammatical Dictionary of Polish}},
year="2007",
publisher={{Wiedza Powszechna}},
address={{Warszawa}},
author = {Zygmunt Saloni; Włodzimierz Gruszczyński; Marcin Woliński and Robert Wołosz},
}