@Misc{terminology_table,
   note = {  {\bf Reconnaissance de la parole}~: Commande vocale, dict\'ee vocale, transcription d{\mbox '}\'emissions, transcription de conversations, dialogue oral.\\
  {\bf Synth\`ese vocale}~: Synth\`ese \a` partir du texte, g\'en\'eration de parole.\\
  {\bf Analyse grammaticale}~: Tokenization, analyse morpho-syntaxique, analyse syntaxique de surface ou profonde.\\
  {\bf Analyse s\'emantique}~: (S\'emantique des phrases (WSD, structure argumentaire, r\^oles s\'emantiques), S\'emantique de textes (r\'esolution de cor\'ef\'erences, contexte, pragmatique, inf\'erence), Traitement avanc\'e du discours (structure des textes, coh\'erence, structure rh\'etorique/RST, zonage argumentatif, argumentation, patterns textuels, types de textes etc.\\
  {\bf G\'en\'eration}~: G\'en\'eration de phrases, g\'en\'eration de rapports, g\'en\'eration de textes.\\
  {\bf Traduction Automatique}~: et traduction vocale\\
  {\bf Corpus de textes}~: Corpus de r\'ef\'erence, Corpus syntaxiques (corpus arbor\'es)\\
  {\bf Corpus de parole}~: brut, \'etiquet\'e/annot\'e, dialogue\\
  {\bf Ressources lexicales}~: Lexiques, Bases terminologiques, Thesauri, WordNets
}

@Misc{terminology_table_eng,
    note = {  {\bf Speech Recognition}: voice command, voice dictation, broadcast transcription, conversational speech transcription, oral dialog\\
  {\bf Speech Synthesis}: text-to-speech synthesis, speech generation\\
  {\bf Grammatical analysis}: tokenization, POS tagging, morphological analysis/generation, shallow or deep syntactic analysis\\
  {\bf Semantic analysis}:sentence semantics (WSD, argument structure, semantic roles, text semantics (coreference resolution, context, pragmatics, inference), Advanced Discourse Processing (text structure, coherence, rhetorical structure/RST, argumentative zoning, argumentation, text patterns, text types etc.\\
  {\bf Text Generation}: sentence generation, report generation, text generation.\\
  {\bf Machine Translation}: and speech translation\\
  {\bf Text Corpora}~: Reference Corpora, Syntax corpora (treebanks, dependency banks)\\
  {\bf Speech Corpora}~: raw speech data, labeled/annotated speech data, spoken dialogue data
  {\bf Lexical Resources}~: Lexicons, Terminology databases, Thesauri, WordNets
     }
}

@Misc{wikipediastats,
   note = {http://meta.wikimedia.org/wiki/Complete\_list\_of\_language\_wikis\_available}
}

@InProceedings{resnick2011,
  author = 	 {Chang Hu and Philip Resnik and Yakov Kronrod and Vladimir Eidelman and Olivia Buzek and {\mbox Benjamin B.} Bederson},
  title = 	 {The Value of Monolingual Crowdsourcing in a Real-World Translation Scenario: Simulation using Haitian Creole Emergency SMS Messages},
  booktitle = {In proceedings of the 6\raise+.5ex\hbox{th} Workshop on Statistical Machine Translation, EMNLP 2011},
  year = 	 {2011},
}

@Misc{OEP,
  note = {http://plurilinguisme.europe-avenir.com/}
}

@Misc{jibbigo,
  note = {http://www.jibbigo.com/website/index.php}
}

@Misc{EC2,
    note = {European Commission, Multilingualism: an asset for Europe and a shared commitment, Brussels, 2008 (http://ec.europa.eu/education/languages/pdf/com/2008\_0566\_en.pdf)}
}

@Misc{Eurobarometer313,
  author = 	 {Directorate-General Information Society and Media},
  title = 	 {User language preferences online, Flash Eurobarometer \#313},
  year = 	 {2011},
  howpublished = {European Commission},
  note = 	 {http://ec.europa.eu/public\_opinion/flash/fl\_313\_en.pdf}
}


@Misc{UNESCO2007,
  author = 	 {UNESCO Director-General},
  title = 	 {Intersectoral mid-term strategy on languages and multilingualism},
  year = 	 {2007},
  howpublished =  {UNESCO},
  note = 	 {http://unesdoc.unesco.org/images/0015/001503/150335e.pdf}
}

@Misc{espagnol,
  note = 	 {http://databases.unesco.org/xtrans/stat/xTransStat.html}
}

@Misc{francais,
      note = {http://en.wikipedia.org/wiki/French\_language}
}

@Misc{native,
      note = {http://en.wikipedia.org/wiki/List\_of\_languages\_by\_number\_of\_native\_speakers}
}

@Misc{russe,
  note = {http://en.wikipedia.org/wiki/List\_of\_languages\_by\_total\_number\_of\_speakers}
}

@Misc{haiti,
  note = 	 {http://www.ethnologue.com/show\_language.asp?code=fra}
}

@Misc{monde,
  note = {http://www.fondation-alliancefr.org/spip.php?rubrique1}
}

@Misc{cslf,
  note = {http://www.dglf.culture.gouv.fr/politique-langue/cslf-accueil.html}
}

@Misc{dglf, 
  note = "http://www.dglf.culture.gouv.fr/"
}

@Misc{belgique,
  note = {http://www.lettresetlivre.cfwb.be/index.php?id=97}
}

@Misc{quebec,
  note = {http://www.cslf.gouv.qc.ca/}
}

@Misc{multilinguisme,
  note = {http://www.efnil.org/documents/language-legislation-version-2007}
}

@Misc{baisse,
  note = {http://fr.wikipedia.org/wiki/Commission\_europ\'eenne}
}

@Misc{comparativement,
  note = {http://en.wikipedia.org/wiki/French\_language}
}

@Misc{dgt08,
  note = {DGT ML Studies 08, Study on the size of the Language industry in the European Union, The Language Center, Ao\^ut 2009, http://ec.europa.eu/dgs/translation/publications/studies/size\_{\mbox o}f\_language\_industry.pdf}
}

@Misc{eurlex,
  note = {http://eur-lex.europa.eu/LexUriServ/LexUriServ.do?uri=OJ:C:2008:320:0001:01:EN:HTML}
}

@Misc{ ulatine,
 note = {http://www.unilat.org/SG/index.fr.asp}
}

@Article{plenat95,
  author = 	 {Marc Pl\'enat},
  title = 	 {Une approche prosodique de la morphologie du verlan},
  journal = 	 {Lingua},
  year = 	 {1995},
  key = 	 {French Phonology, Morae, Syllabs, Words},
  volume = 	 {1},
  number = 	 {3},
  pages = 	 {97-129},
  note = 	 {J. Durand and M.-A. Hintze (eds)},
}

@Book{Lewis2009,
  editor = 	 {Lewis, M. Paul},
  title = 	 {Ethnologue: Languages of the World},
  publisher = 	 {SIL International},
  year = 	 {2009},
  address = 	 {Dallas, Texas},
  edition = 	 {Sixteenth edition},
  note = 	 {Online version:~http://www.ethnologue.com/}
}

@Misc{oulipo,
    note = {http://www.oulipo.net/}
}

@Misc{slam,
 note = {http://www.dismoidixmots.culture.fr/}
}

@Misc{arts,
 note = {http://www.desbazeille.fr/v2/}
}

@Misc{veronis,
  note = {http://blog.veronis.fr/}
}

@Misc{internettop10,
 note = {http://en.wikipedia.org/wiki/Global\_Internet\_usage\#Languages\_used\_on\_the\_Internet}
}

@Misc{loi,
  note = {http://references.modernisation.gouv.fr/rgaa-accessibilite}
}

@Book{calvet09,
  editor = 	 {M. Gasquet-Cyrus and C. Petitjean},
  title = 	 {Le poids des langues},
  publisher = 	 {L'Harmattan},
  year = 	 {2009},
}

@Misc{francaisautourmonde,
  note = 	 {http://en.wikipedia.org/wiki/French\_language},
}

@Misc{languesparleesfrance,
  note = {http://en.wikipedia.org/wiki/French\_language}
} 

@Misc{speechreconist,
  note = {http://itl.nist.gov/iad/mig/publications/ASRhistory/index.html}
}

@InProceedings{bleu02,
  author = 	 {K. Papineni and S. Roukos and T. Ward and W.-J. Zhu},
  title = 	 {BLEU: A Method for Automatic Evaluation of Machine Translation},
  booktitle = {In Proceedings of the 40th Annual Meeting of ACL},
  year = 	 {2002},
  address = 	 {Philadelphia, PA}
}

@InProceedings{mt462,
  author = 	 {Ph. Koehn and A. Birch and R. Steinberger},
  title = 	 {462 Machine Translation Systems for Europe},
  booktitle = {In Proceedings of the Machine Translation Summit XII},
  pages = 	 {65-72},
  year = 	 {2009}
}

@Misc{clef,
  note = {http://www.clef-campaign.org/}
}

@Misc{dglflf07,
  note = {Jocelyn Pierre, "La langue au C\oe{}r du num\'erique. Les enjeux culturels des technologies de la langue", Rapport pour la DGLF2, f\'evrier 2007}
}

@Misc{droitsinternet07,
  note = {Forum des Droits sur l'Internet, "Internet et D\'eveloppement Durable~: Langues et Internet", Report, 22.12.2009 http://www.foruminternet.org/institution/espace-presse/communiques-de-presse/la-langue-et-internet-le-forum-des-droits-sur-l-internet-publie-une-etude-inedite-2984.html}
}

@Misc{vandijk07,
  note = {Bureau Van Dijk, Technologies de la Langue en Europe~: March\'e et Tendances, Minist\`ere de la Recherche, mars 2007}
}

@Misc{apil05,
  note = {GRRIL (APIL) Livre Blanc "Le traitement automatique des langues dans les industries de l'information", January 2005}
}

@Misc{technolangue,
  note = {http://www.technolangue.net/}
}

@Misc{cnrtl,
  note = {http://www.cnrtl.fr/}
}

@Misc{crdo,
  note = {http://crdo.risc.cnrs.fr/exist/crdo/}
}

@Misc{crdo2,
  note = {http://crdo.up.univ-aix.fr/}
}

@Misc{infracorpus,
  note = {http://www.corpus-ir.fr/}
}

@Misc{euromatrixplus,
  note = {http://www.euromatrixplus.net/matrix/}
}

@Misc{ester,
  note = {http://www.technolangue.net/article.php3?id\_article=60}
}

@Misc{gale,
  note = {http://www.lrec-conf.org/proceedings/lrec2010/pdf/664\_Paper.pdf}
}

@Misc{canadacrtl,
  note = {http//www.crtl.ca}
}

@Misc{elra,
  note = {http://www.elra.info/}
}

@Misc{ailia,
  note = {http://www.ailia.ca}
}

@Misc{tralogy,
 note = {http://www.tralogy.eu/}
}

@Misc{euromap,
 note = {A. Joscelyne, R. Lockwood, The Euromap Study, 2003.}
}

@Misc{DGT09,
note = {http://ec.europa.eu/dgs/translation/publications/studies/size\_of\_language\_industry\_en.pdf}
}

@Misc{euromatrixplustableau,
 note = {http://www.euromatrixplus.net/matrix/}
}

@Misc{lremap,
  note={http://www.resourcebook.eu/LreMap/faces/views/resourceMap.xhtml}
}

@Misc{compendiummt,
  note={www.hutchinsweb.me.uk/Compendium-14.pdf}
}

@Misc{corpuslangstud,
  note={http://cw.routledge.com/textbooks/0415286239/resources/corpa.htm}
}

@Misc{corpusfr,
  note={such as: Leipzig University's Corpus Fran\c{c}ais (http://wortschatz.uni-leipzig.de/ws\_fra/), Les Voisins du Monde (http://redac.univ-tlse2.fr/voisinsdelemonde/), Chambers-Le Baron Corpus of Research Articles in French (http://ota.oucs.ox.ac.uk/headers/2527.xml), Chambers-Rostand Corpus of Journalistic French (http://ota.oucs.ox.ac.uk/headers/2491.xml), Compleat Lexical Tutor (http://www.lextutor.ca/) and FrWaCK (available on request from http://wacky.sslmit.unibo.it/doku.php?id=corpora).
}
}

@Misc{wikipediafr,
  note={http://redac.univ-tlse2.fr/corpus/wikipedia\_en.html}
}

@Misc{atilf,
  note={http://www.atilf.fr/atilf/res\_ling\_info.htm}
}

@Misc{euconclusion,
 note = {http://ec.europa.eu/consumers/strategy/docs/com\_staff\_wp2009\_en.pdf}
}

@Misc{worldconclusion,
 note = {V. Reding, J. Figel, Preface, in Human Language Technologies for Europe, TC-Star project, http://www.tcstar.org/pubblicazioni/D17\_HLT\_ENG.pdf}
}

@Misc{googlesemantics,
  note = {http://www.pcworld.com/businesscenter/article/161869/google\_rolls\_out\_semantic\_search\_capabilities.html}
}

@Misc{googleworld,
  note = {http://www.spiegel.de/netzwelt/web/0,1518,619398,00.html}
}

@Misc{voxaleadnews,
  note = { http://voxaleadnews.labs.exalead.com/}
}

@Misc{tcstarurl,
  note = {http://www.tcstar.org/}
}

@Misc{EC3,
  note = {European Commission Directorate-General for Translation, Size of the language industry in the EU, Kingston Upon Thames, 2009 (http://ec.europa.eu/dgs/translation/publications/studies).}
}

% *GF* wants to add this ref to LMF
@Misc{LMF,
   note = {htpp://www.lexicalmarkupframework.org/}
}

