@Misc{Meta1,
  author =	 {Aljoscha Burchardt and Georg Rehm and Felix Sasaki},
  title =	 {{The Future European Multilingual Information Society -- Vision
                  Paper for a Strategic Research Agenda}},
  institution = {META-NET},
  year =	 2011,
  note =         "\url{http://www.meta-net.eu/vision/reports/meta-net-vision-paper.pdf}",
}

@Misc{EC1,
  author =	 "Directorate-General Information Society \& Media of the European
                  Commission",
  title =	 {{User Language Preferences Online}},
  series =	 "Flash Eurobarometer",
  number =	 313,
  year =	 2011,
  note =
                  "\url{http://ec.europa.eu/public_opinion/flash/fl_313_en.pdf}"
}

@Misc{EC2,
  author =	 "European Commission",
  title =	 {{Multilingualism: an Asset for Europe and a Shared Commitment}},
  year =	 2008,
  note = "\url{http://ec.europa.eu/languages/pdf/comm2008_en.pdf}",
}

@Misc{Unesco1,
  title =	 {{Intersectoral Mid-term Strategy on Languages and
                  Multilingualism}},
  year =	 2007,
  address =	 "Paris",
  author =	 "Directorate-General of the UNESCO",
  note =  "\url{http://unesdoc.unesco.org/images/0015/001503/150335e.pdf}",
}

@Misc{EC3,
  title =	 {{Size of the Language Industry in the EU}},
  year =	 2009,
  address =	 "Kingston Upon Thames",
  author =	 "Directorate-General for Translation
                  of the European Commission",
  note =
                  "\url{http://ec.europa.eu/dgs/translation/publications/studies}"
}

@Misc{Eur1,
  author =	 "Translation Centre for the
                  Bodies of the European Union",
  title =	 {{Our EU Languages}},
  note =
                  "\url{http://cdt.europa.eu/EN/whoweare/Pages/OurEUlanguages.aspx}"
}

@Misc{Goe1,
  title =	 {{Deutsch als Fremdsprache weltweit -- Datenerhebung
                  2005 (German as a Foreign Language -- 2005 Survey)}},
  author =	 "StADaF -- St{\"a}ndige Arbeitsgruppe Deutsch als
                  Fremdsprache (Continous Working Group about German
                  as a Foreign Language)",
  note =
                  "\url{http://www.goethe.de/mmo/priv/1459127-STANDARD.pdf}"
}

@Misc{Efni1,
  title =	 {{Deutschland (About Germany)}},
  author =	 "EFNIL -- Europäische Föderation nationaler
                  Sprachinstitute (EFNIL -- European Federation of
                  National Institutions for Languages)",
  year =	 2009,
  note =
                  "\url{http://www.efnil.org/documents/language-legislation-version-2007/germany/germany}"
}

@Misc{Cano1,
  author =	 "Canoo Engineering AG",
  title =	 {{Zur Deutschen Rechtschreibreform (About the German
                  Spelling Reform)}},
  note =
                  "\url{http://www.canoo.net/services/GermanSpelling/Reform/fremdwoerter/eindeutschung-lebend.jsp?MenuId=GermanSpellingReform111}",
}

@Book{Lemni1,
  author =	 "Lothar Lemnitzer",
  title =	 {{Von Aldianer bis Zauselquote (From Aldianer until
                  Zauselquote)}},
  publisher =	 "Gunter Narr Verlag",
  year =	 2007,
  address =	 {T{\"u}bingen}
}

@Book{Sick1,
  author =	 "Bastian Sick",
  title =	 {{Der Dativ ist dem Genitiv sein Tod -- Ein Wegweiser
                  durch den Irrgarten der deutschen Sprache (The
                  Dative is the Genitive its Death -- How to navigate
                  the Labyrinth that is the German Language)}},
  publisher =	 "Kiepenheuer und Witsch",
  year =	 2004,
  address =	 {K{\"o}ln}
}

@Misc{Sick2,
  author =	 "Bastian Sick",
  title =	 {{Zwiebelfisch -- Kolumne in Der Spiegel (Zwiebelfisch --
                  Column in the weekly journal Der Spiegel)}},
  note =	 "\url{http://www.spiegel.de/thema/zwiebelfisch/}" 
}

@Book{Schn1,
  author =	 {Wolf Schneider},
  title =	 {{Speak German! Warum Deutsch manchmal besser ist
                  (Speak German! Why German sometimes is the better
                  choice)}},
  publisher =	 {Rowohlt},
  year =	 2008,
}

@Misc{Pisa1,
  author =	 "OECD",
  note =
                  "\url{http://www.pisa.oecd.org/dataoecd/34/19/46619755.pdf}",
  title =	 {{PISA 2009 Ergebnisse: Zusammenfassung (Summary of
                  Results from PISA 2009)}}
}

@Misc{kmk1,
  title =	 {{Bildungsbericht f{\"u}r Deutschland (Report about
                  Education in Germany)}},
  author =	 "Hermann Avenarius and Hartmut Ditton and Hans Döbert
                  and Klaus Klemm and Eckhard Klieme and Matthias
                  Rürup and Heinz-Elmar Tenorth and Horst Weishaupt
                  and Manfred Weiß",
  publisher =	 "Leske + Budrich",
  address =	 "Opladen",
  year =	 2003,
  note =
                  "\url{http://www.kmk.org/fileadmin/veroeffentlichungen_beschluesse/2003/2003_01_01-Bildungsbericht-erste-Befunde.pdf}"
}

@Misc{joy1,
  title =	 {{Der Status von Deutsch heute (The Status of German
                  today)}},
  author =	 "Paul Joyce",
  year =	 2010,
  note =
                  "\url{http://userweb.port.ac.uk/~joyce1/abinitio/whygerm7.html}"
}

@Misc{ard1,
  author =	 "ZDF Pressestelle (ZDF Press Office)",
  title =	 {{ARD ZDF Onlinestudie (ARD ZDF Online Survey)}},
  note =	 "\url{http://www.ard-zdf-onlinestudie.de}"
}

@Misc{ict1,
  author =	 "Statistiken Österreich (Statistics Austria)",
  title =	 {{IKT Nutzung in Haushalten (ICT Usage in
                  Households)}},
  note =
                  "\url{http://www.statistik.at/web_en/statistics/information_society/ict_usage_in_households/041019.html}",
  year =	 2011
}

@Misc{denic1,
  author =	 "DENIC",
  title =	 {{Geschichte der DENIC eG (History of the DENIC eG)}},
  note =
                  "\url{http://www.denic.de/hintergrund/geschichte-der-denic-eg.html}"
}

@Misc{ebrands1,
  author =	 "eBrand Services",
  title =	 {{Nachrichten zu Updates der Länder- und generischen
                  Domänen oberster Stufe (Updates to Country Code and
                  Generic Top Level Domains)}},
  note =         "\url{http://www.ebrandservices.com/welcome-to-e-brand-services,130.html}"
}

@Misc{leo1,
  title =	 {{LEO Online Wörterbuch (LEO Online Dictionary)}},
  note =	 "\url{http://dict.leo.org}"
}

@Article{zar1,
  author =	 {Jerrold H. Zar},
  title =	 {{Candidate for a Pullet Surprise}},
  journal =	 {Journal of Irreproducible Results},
  year =	 1994,
  pages =	 13,
}

@InProceedings{lehrndorfer-etal1,
  author =	 {Anne Lehrndorfer and Stefanie Schachtl},
  title =	 {{TR09: Kontrolliertes Siemenes Dokumentationsdeutsch
                  und TopTrans (TR09: Controlled Siemens Documentary
                  German and TopTrans)}},
  booktitle =	 {Proceedings of TC Forum},
  year =	 1998,
}

@Misc{spi1,
  author =	 "Spiegel Online",
  title =	 {{Google zieht weiter davon (Google is still leaving
                  everybody behind)}},
  year =	 2009,
  note =
                  "\url{http://www.spiegel.de/netzwelt/web/0,1518,619398,00.html}"
}

@Misc{pc1,
  title =	 {{Google Rolls out Semantic Search Capabilities}},
  author =	 "Juan Carlos Perez",
  publisher =	 "PCWorld",
  year =	 2009,
  note =
                  "\url{http://www.pcworld.com/businesscenter/article/161869/google_rolls_out_semantic_search_capabilities.html}"
}

@InProceedings{bleu1,
  author =	 {Kishore Papineni and Salim Roukos and Todd Ward and Wei-Jing Zhu},
  title =	 {{BLEU: A Method for
                  Automatic Evaluation of Machine Translation}},
  booktitle =	 {Proceedings of the 40th Annual Meeting of ACL},
  year =	 2002,
  address =	 {Philadelphia, PA},
}
@InProceedings{erelt2003,
  author =	 {Mati Erelt},
  title =	 {Estonian Language},
  booktitle =	 {Linguistica Uralica Supplementary Series},
  year =	 2003,
  volume = 1
}

@Book{ereltetal2007,
author = {Mati Erelt and Tiiu Erelt and Kristiina Ross},
title = {Eesti keele käsiraamat},
note = {In Estonian. English title: The handbook of Estonian language},
year = 2007,
publisher = {Eesti Keele Sihtasutus},
address = {Tallinn}
}

@Misc{wie1,
  author =	 "Statistisches Bundesamt (Federal Statistic Office of
                  Germany)",
  title =	 {{Offizielle Universitätsstatistiken, März 2011
                  (Official University statistics, March 2011)}},
}

@Misc{laz1,
  author =	 "Gianni Lazzari",
  title =	 {{Sprachtechnologien für Europa (Language
                  Technology for Europe)}},
  note =
                  "\url{http://tcstar.org/pubblicazioni/D17_HLT_DE.pdf}",
  year =	 2006,
}

@Misc{latl1,
  author =	 "Yves Scherrer",
  title =	 {{Präsentationen und Veröffentlichungen
                  (Presentations and Publications)}},
  note =
                  "\url{http://www.latl.unige.ch/personal/yvesscherrer/#talks_papers.fr}"
}

@Misc{sor1,
  author =	 "sms4science",
  title =	 {{Bericht zu bestehenden Projekten und Initiativen
                  (Report on Existing Projects and Initiatives)}},
  note =	 "\url{http://www.sms4science.ch/}",
  year =	 2011,
}

@InProceedings{euro1,
  author =	 {Philipp Koehn and Alexandra Birch and Ralf
                  Steinberger},
  title =	 {{462 Machine Translation Systems for Europe}},
  booktitle =	 {Proceedings of MT Summit XII},
  year =	 2009,
}


@Book{carstensen-etal1,
  editor = 	 {Kai-Uwe Carstensen and Christian Ebert and Cornelia Ebert and Susanne Jekat and Hagen Langer and Ralf Klabunde},
  title = 	 {{Computerlinguistik und Sprachtechnologie: Eine Einführung}},
  publisher = 	 {Spektrum Akademischer Verlag},
note = {In German. English title: {\textit{Computational Linguistics and Language Technology: An Introduction}}},
  year = 	 {2009},
}



@Book{jurafsky-martin01,
  author = 	 {Daniel Jurafsky and James H. Martin},
  title = 	 {{Speech and Language Processing (2nd Edition)}},
  publisher = 	 {Prentice Hall},
  year = 	 {2009},
}


@Book{manning-schuetze1,
  author = 	 {Christopher D. Manning and Hinrich Schütze},
  title = 	 {{Foundations of Statistical Natural Language Processing}},
  publisher = 	 {MIT Press},
  year = 	 {1999},
}


@Misc{lt-world1,
key = "LT World",
  title = 	 {{Language Technology World (LT World)}},
  note = "\url{http://www.lt-world.org/}",
}



@Book{lt-survey1,
  editor = 	 {Ronald Cole and Joseph Mariani and Hans Uszkoreit and Giovanni Battista Varile and Annie Zaenen and Antonio Zampolli},
  title = 	 {{Survey of the State of the Art in Human Language Technology (Studies in Natural Language Processing)}},
  publisher = 	 {Cambridge University Press},
  year = 	 {1998},
}


@Misc{ Stat11,
        author = "Eesti Statistikaamet",
        title = "Pressiteade 25.02.2011, nr 26",
	howpublished = "\url{http:/www.stat.ee/49299}"
}

@Misc{ Stat1,
        author = "Estonian Institute",
        title = {{Estonian in a world context}},
	howpublished = "\url{http://www.estonica.org/en/Society/The_Estonian_Language/Estonian_in_a_world_context/}"
}


@Misc{ Stat2,
        author = "Anastassia Zabrodskaja",
        title = {{Eesti keel Eestis teise keelena}},
        year = {2008},
note = {In Estonian. English title: Estonian as a Second Language in Estonia},
        howpublished = "\url{http://www.emakeeleselts.ee/vaatmikud/eesti_keel_teise_keelena.pdf}"
}

@Misc{ Stat3,
        author = "Eesti Statistikaamet",
        title = {{Kolmveerand Eesti elanikest kasutab internetti}},
        year = {2010},
note = {In Estonian. English title: Three-fourths of Estonian population uses the internet},
	howpublished = "\url{http://www.stat.ee/dokumendid/47013}"
}

@Misc{ Sign,
        author = "Estonian Institute",
        title = {{Estonian Sign Language}},
	howpublished = "\url{http://www.estinst.ee/publications/language/sign.html}"
}

@Misc{ EstInst,
        author = "Estonian Institute",
        title = {{Eesti keel ja kultuur maailmas --- {\"U}likoolid} (Universities)},
	howpublished = "\url{http://ekkm.estinst.ee/keskused/ylikoolid/}"
}

@Misc{ Neti,
        author = "neti.ee",
	howpublished = "\url{http://www.neti.ee/cgi-bin/teema/INFO_JA_MEEDIA/Ajalehed/}"
}

@Misc{ Filosoft,
        author = "Filosoft OÜ",
	howpublished = "\url{http://www.filosoft.ee/index_en.html}"
}

@Misc{ Phon,
        author = "Laboratory of Phonetics and Speech Technology{\,} Institute of Cybernetics at TTU",
	howpublished = "\url{http://www.phon.ioc.ee/dokuwiki/doku.php?id=software:software.en}"
}

@Misc{ ekktt,
        author ="National Programme for Estonian Language Technology",
        title = "Riiklik programm ``{E}esti keele keeletehnoloogiline tugi (2006--2010)''",
	howpublished = "\url{http://www.keeletehnoloogia.ee/ekktt-1}"
}

@Misc{ ekktt2,
        author = "National Programme for Estonian Language Technology",
	title = "Riiklik programm ``{E}esti keeletehnoloogia (2011--2017)''",
	howpublished = "\url{http://www.keeletehnoloogia.ee}"
}

@Misc{ ekktt3,
        author ="Eesti Haridus- ja Teadusministeerium",
        title = "Riiklik programm {E}esti keeletehnoloogia 2011--2017",
	howpublished = "\url{http://hm.ee/index.php?popup=download&id=10821}"
}

@Misc{ IEL,
        author = "Eesti Keele Instituut",
        title = {{Eesti keele k{\~o}nes{\"u}ntees}},
note = {In Estonian. English title: Speech Synthesis for Estonian Language},
	howpublished = "\url{http://www.eki.ee/keeletehnoloogia/projektid/syntees/}"
}


@Misc{ RIA,
        author = "Riigiportaal",
	howpublished = "\url{ https://www.eesti.ee/est/teemad/ettevotja/riigiportaali_abi/partnerile_1/lemmatiseerja}"
}

@Article{ Koit,
	author = {Heiki-Jaan Kaalep and Mare Koit},
	journal = "Keel ja Kirjandus",
	title = "Kuidas masin tõlgib",
	year = "2010",
	month = "10",
        note = {In Estonian. English title: How Does a Machine Translate},
	pages = "726--738"
}


@Misc{ KeeleStratEst,
        author = "Eesti keelenõukogu",
        title = "Eesti keele arendamise strateegia 2004-2010",
        note = {In Estonian. English title: Development Strategy of the {E}stonian Language 2004--2010},
	howpublished = "\url{http://eki.ee/keelenoukogu/strat_et.pdf}"
}
@Misc{ Sutrop,
        author = "Urmas Sutrop",
        title = "Estonian Language",
	year = "2000",
        note = "Estonian Institute",
	howpublished = "\url{http://www.estinst.ee/eng/information-booklets/article/eestikeel/view/gb/}"
}


@Misc{ KeeleStratEn,
        author = "Estonian Language Council",
        title = "Development Strategy of the {E}stonian Language 2004--2010",
	howpublished = "\url{http://eki.ee/keelenoukogu/strat_en.pdf}"
}

@Misc{ DevPlan,
        author = "Estonian Language Council",
        title = "Development Plan for {E}stonian Language (2011-2017)",
	howpublished = "\url{http://ekn.hm.ee/system/files/Eesti_keele_arengukava_2011-2017_0.pdf}"
}


@InProceedings{ Metslang09,
        author = "Helle Metslang",
	title = "Estonian grammar between {F}innic and {S}{A}{E}: some comparisons",
        booktitle = "Language Typology and Universals",
	year = "2009",
        pages = "49--71"
}

@InProceedings{ Meisteretal,
	publisher = "University of Tartu",
        author = {Einar Meister and Tiit Roosmaa and Jaak Vilo},
booktitle = {{Proceedings of the NODALIDA 2009 workshop Nordic Perspectives on the CLARIN Infrastructure of Common Language Resources}},
	title = "Estonian language technology Anno 2009",
	series = "NEALT Proceedings Series",
	number = "5",
	year = "2009",
        editor = "R. Domeij and K. Koskenniemi and S. Krauwer and B. Maegaard and E. Rögnvaldsson and K de Smedt",
        pages = "21--26"
}

@Article{rehm2011,
  author =	 {Georg Rehm and Hans Uszkoreit},
  title =	 {Multilingual {Europe}: {A} challenge for language
                  tech},
  journal =	 {MultiLingual},
  year =	 2011,
  volume =	 22,
  number =	 3,
  pages =	 {51--52},
  month =	 {April/May}
}

 @Book{lwpgerman,
  author =      {Aljoscha Burchardt and Markus Egg and Kathrin Eichler and Brigitte Krenn and Jörn Kreutel and Annette Leßmöllmann and Georg Rehm and Manfred Stede and Hans Uszkoreit and Martin Volk},
  title =  {{Die Deutsche Sprache im Digitalen Zeitalter -- The German Language in the Digital Age}},
  publisher =   {Springer},
  year =         2012,
  series =      {META-NET White Paper Series. Georg Rehm and Hans Uszkoreit (Series Editors)}
}
