@Misc{ Meta1,
	howpublished = "\url{http://www.meta-net.eu/vision/reports/meta-net-vision-paper.pdf}"
}

@Misc{ Note1_cs,
	note = "Počet občanů ČR byl v polovině roku 2010 10,5 milionu (podle Českého statistického úřadu)."
}

@Misc{ Note1_en,
	note = "The number of citizen in CR was in the middle of 2010 10.5 million (according the Czech Statistical Office)."
}

@Misc{ Note2,
	note = "\url{http://www.czech-language/overview}"
}

@Misc{ Note3,
	note = "\url{http://www.ethnologue.org}"
}

@Misc{ Note4_cs,
	note = "Kontext pro př. (5) je představení nové služby pro rodiče: mohou požádat o taxi s chůvou, která se postará o dítě."
}

@Misc{ Note4_en,
	note = "The context for ex. (5) is introducing of the new service for parents: They can ask for a taxi with a nun, which takes care of a child."
}

@Misc{ Note5,
	note = "\url{http//cs.wikipedia.org}"
}

@Misc{ Note6,
	note = "\url{http://prirucka.ujc.cas.cz/}"
}

@Misc{ Note7,
	note = "\url{http://www.coe.int/t/dg4/linguistc/CADRE_EN.asp#TopOfPage}"
}

@Misc{ Note8,
	note = "\url{http://ufal.mff.cuni.cz/styx}"
}

@Misc{ Note9_cs,
	note = "CETLEF je francouzský akronym pro Vyhledávání a opravu chyb v češtině pro francouzské studenty. Dostupné z \url{http://wwww.cetlef.fr}."
}

@Misc{ Note9_en,
	note = "CETLEF is a French acronym for Understanding and Correction of Errors in Czech as a Foreign Language for French Learners. It is available at \url{http://wwww.cetlef.fr}."
}

@Misc{ Note10,
	note = "\url{http://www.c2j.cz/attachments/105_2010_wksh_Liberec_Niki3.pdf}"
}

@Misc{ Note11,
	note = "\url{http://www.speechtech.cz}"
}

@Misc{ Note12,
	note = "\url{http://www.optimsys.com}"
}

@Misc{ Note13,
	note = "\url{http://www.diktovani.cz}"
}

@Misc{ Note14,
	note = "\url{http://www.acapela-group.com}"
}

@Misc{ Note15,
	note = "\url{http://devel.freebsoft.org/festival-czech}"
}

@Misc{ Note16,
	note = "\url{http://epos.ure.cas.cz}"
}

@Misc{ Note17,
	note = "\url{http://tcts.fpms.ac.be/synthesis/mbrola.html}"
}

@Misc{ Note18,
	note = "\url{http://quest.ms.mff.cuni.cz/cesilko}"
}

@Misc{ Note19,
	note = "\url{http:// en.wikipedia.org/wiki/METEO_System}"
}

@Misc{ Note20,
	note = "\url{http://ufal.mff.cuni.cz/czeng}"
}

@Misc{ Note21,
	note = "\url{http://www.companions-project.org}"
}

@Misc{ Note22,
	note = "\url{http://lsd.fi.muni.cz/webgen/index.php?page=uvod&lang=en}"
}

@Misc{ Note23,
	note = "\url{http://www.fit.vutbr.cz/research/view_product.php.cs?id=157&notitle=1}"
}

@Misc{ Note24,
	note = "\url{http://voice.zcu.cz}"
}



@Book{ Martincova_cs,
	author = "Martincová O. a kol.",
	title = "Neologizmy v dnešní češtině",
	publisher = "Praha: Academia",
	year = "1998, 2004, 2005"
}

@Book{ Martincova_en,
	author = "Martincová O. et al.",
	title = "Neologizmy v dnešní češtině",
	publisher = "Praha: Academia",
	year = "1998, 2004, 2005"
}

@Book{ Cerna,
	author = "Černá A. and Svobodová I. and Šimandl J. and Uhlířová L.",
	title = "Na co se nás často práte",
	publisher = "Praha: Scientia",
	year = "2002"
}

@Book{ Janovec,
	author = "Janovec L. and Bušová L. and Říhová A. and Šamalová M.",
	title = "Jak používat čárku a další interpunkční znaménka",
	publisher = "Praha: Klett",
	year = "2006"
}

@Book{ Smrz2010,
	author = "Smrž P. and Schmidt M. and Zuzaňák J. and Přibyl B. and Navrátil J. and Láník A. and Burget L. and Cipr T. and Fapšo M. and Glembek O. and Grézl F. and Chalupníček K. and Karafiát M. and Matějka P. and Schwarz P. and Szőke I.",
	title = "Speech Tagging",
	publisher = "software",
	year = "2010"
}

@inbook{ Horak2009,
	author = "Horák A. and Rychlý P. and Kilgarriff A.",
	title = "Czech Word Sketch Relations with Full Syntax Parser",
	booktitle = "After Half a Century of Slavonic Natural Language Processing",
	publisher = "Brno, Czech Republic: Masaryk University",
	pages = "101--112",
	year = "2009"
}

@inbook{ Nagy2008,
	author = "Nagy M. and Hanzlíček P. and Zvárová J. and Dostálová T. and Seydlová M. and Hippman R. and Šmidl L. and Trmal J. and Psutka J.",
	title = "Voice-controlled data entry in dental electronic health record",
	booktitle = "Studies in Health Technology and Informatics, vol 2008",
	publisher = "IOS Press, Goteborg",
	pages = "529--534",
	year = "2008"
}

@inproceedings{ BartekPlhak2008,
	author = "Bártek L. and Plhák J.",
	title = "Visually Impaired Users Create Web Pages",
	booktitle = "Proceedings of the 11th International Conference on Computers Helping People with Special Needs",
	venue = "Verlag, Linz, Austria",
	pages = "466--473",
	year = "2008"
}

@inproceedings{ Svoboda2003,
	author = "Svoboda L.",
	title = "UIO, a dialog system for question answering",
	booktitle = "Proceedings of Znalosti 2003 Workshop",
	editor = "V. Svátek",
	year = "2003"
}

@inproceedings{ Ptacek2010,
	author = "Ptáček J. and Ircing P. and Spousta M. and Romportl J. and Loose Z. and Cinková S. and Relano G. J. and Santos R.",
	title = "Integration of Speech and Text Processing Modules into a Real-Time Dialogue System",
	booktitle = "Text, Speech and Dialogue, Proceedings of the 13th International Conference TSD 2010, Lecture Notes in Artificial Intelligence, vol. 6231",
	publisher = "Springer, Berlin-Heidelberg, Germany",
	pages = "552--559",
	year = "2010"
}

@inproceedings{ Romportl2010,
	author = "Romportl J. and Zovato E. and Santos R. and Ircing P. and Relano G. J. and Danieli M.",
	title = "Application of Expressive TTS synthesis in an Advanced ECA System",
	booktitle = "Proceedings of the ISCA Tutorial and Research Workshop on Speech Synthesis",
	pages = "120--125",
	year = "2010"
}

@inproceedings{ GruberTihelka2010,
	author = "Gruber M. and Tihelka D.",
	title = "Expressive Speech Synthesis for Czech Limited Domain Dialogue System - Basic Experiments",
	booktitle = "Proceedings of the 10th International Conference on Signal Processing, ICSP, vol. 1",
	year = "2010"
}

@inproceedings{ Grolmus2003,
	author = "Grolmus P. and Hynek J. and Ježek K.",
	title = "User Profile Identification Based on Text Mining",
	booktitle = "In Proceedings of the 6th International Conference on Information Systems Implementation and Modelling – ISIM ‘03",
	venue = "Brno, Czech Republic: MARQ",
	pages = "109--116",
	year = "2003"
}

@inproceedings{ Psutka2005,
	author = "Psutka J. and Ircing P. and Psutka J. V. and Hajič J. and Byrne W. and Mírovský J.",
	title = "Automatic transcription of Czech, Russian, and Slovak Spontaneous Speech in the MALACH Project",
	booktitle = "Proceedings of Eurospeech 2005, Lisboa, Portugal",
	pages = "1349--1352",
	year = "2005"
}




@Proceedings{ EC1,
	publisher = "European Comission Directorate-General Information Society and Media",
	title = "User language preferences online",
	series = "Flash Eurobarometer",
	number = "313",
	year = "2011",
	note = "\url{http://ec.europa.eu/public_opinion/flash/fl_313_en.pdf}"
}

@Proceedings{ EC2,
	editor = "European Comission",
	title = "Multilingualism: an asset for Europe and a shared commitment",
	year = "2008",
	note = "\url{http://ec.europa.eu/languages/pdf/comm2008_en.pdf}",
	address = "Brussels"
}

@Proceedings{ EC3,
	title = "Size of the language industry in the EU",
	year = "2009",
	address = "Kingston Upon Thames",
	editor = "European Comission - Directorate-General for Translation",
	note = "\url{http://ec.europa.eu/dgs/translation/publications/studies}"
}

@Misc{ Unesco1,
	howpublished = "\url{http://unesdoc.unesco.org/images/0015/001503/150335e.pdf}"
}

@Misc{ Eur1,
	howpublished = "\url{http://ec.europa.eu/dgs/translation/publications/studies}"
}

@Misc{ Eur2,
	howpublished = "\url{http://cdt.europa.eu/EN/whoweare/Pages/OurEUlanguages.aspx}"
}

@Misc{ Goe1,
	howpublished = "\url{http://www.goethe.de/mmo/priv/1459127-STANDARD.pdf}"
}

@Misc{ Cano1,
	howpublished = "\url{http://www.canoo.net/services/GermanSpelling/Reform/fremdwoerter/eindeutschung-lebend.jsp?MenuId=GermanSpellingReform111}"
}

@Book{ Lemni1,
	author = "Lothar Lemnitzer",
	title = "Von Aldianer bis Zauselquote",
	publisher = "Gunter Narr Verlag",
	year = "2007",
	address = {T{\"u}bingen}
}

@Book{ Sick1,
	author = "Bastian Sick",
	title = "Der Dativ ist dem Genitiv sein Tod -- Ein Wegweiser durch den Irrgarten der deutschen Sprache",
	publisher = "Kiepenheuer und Witsch",
	year = "2004",
	address = {K{\"o}ln}
}

@Misc{ Sick2,
	howpublished = "\url{http://www.spiegel.de/thema/zwiebelfisch/}"
}

@Misc{ Efni1,
	howpublished = "\url{http://www.efnil.org/documents/language-legislation-version-2007/germany/germany}"
}

@Misc{ Pisa1,
	note = "\url{http://www.pisa.oecd.org/dataoecd/34/19/46619755.pdf}",
	title = "PISA 2009 Ergebnisse: Zusammenfassung"
}

@Misc{ kmk1,
	note = "\url{http://www.kmk.org/fileadmin/veroeffentlichungen_beschluesse/2003/2003_01_01-Bildungsbericht-erste-Befunde.pdf}"
}

@Misc{ joy1,
	note = "\url{http://userweb.port.ac.uk/~joyce1/abinitio/whygerm7.html}"
}

@Misc{ Ard1,
	note = "\url{http://www.ard-zdf-onlinestudie.de and http://www.statistik.at/web_en/statistics/information_society/ict_usage_in_households/041019.html}"
}

@Misc{ Denic1,
	note = "\url{http://www.denic.de/hintergrund/geschichte-der-denic-eg.html and http://www.ebrandservices.com/welcome-to-e-brand-services,130.html}"
}

@Misc{ leo1,
	note = "\url{http://dict.leo.org}"
}

@Article{ zar1,
	author = "Jerrold H. Zar",
	journal = "Journal of Irreproducible Results",
	title = "Candidate for a Pullet Surprise",
	year = "1994",
	month = "Jan./Feb.",
	pages = "13 (Fist Verse)"
}

@Misc{ spi1,
	note = "\url{http://www.spiegel.de/netzwelt/web/0,1518,619398,00.html}"
}

@Misc{ pc1,
	note = "\url{http://www.pcworld.com/businesscenter/article/161869/google_rolls_out_semantic_search_capabilities.html}"
}

@Misc{ bleu1,
	author = "S. Roukos T. Ward W.-J. Zhu {K. Papineni}",
	address = "Philadelphia, PA",
	note = "In Proceedings of the 40th Annual Meeting of ACL",
	title = "BLEU: A Method for Automatic Evaluation of Machine Translation"
}

@Misc{ wie1,
	note = "Based on official university statistics of the Federal Statistical Office in Wiesbaden (29.03.2011)"
}

note = "\url{http://tcstar.org/pubblicazioni/D17_HLT_DE.pdf}"
}

@Misc{ latl1,
	note = "\url{http://www.latl.unige.ch/personal/yvesscherrer/#talks_papers.fr}"
}


