@Misc{Meta1,
  author =	 {Aljoscha Burchardt and Georg Rehm and Felix Sasaki},
  title =	 {{The Future
                  European Multilingual Information Society -- Vision
                  Paper for a Strategic Research Agenda}},
  institution =	 {META-NET},
  year =	 2011,
  note =         "\url{http://www.meta-net.eu/vision/reports/meta-net-vision-paper.pdf}",
}

@Misc{EC1,
  author =	 "Directorate-General
                  Information Society \& Media of the European
                  Commission",
  title =	 {{User Language
                  Preferences Online}},
  series =	 "Flash Eurobarometer",
  number =	 313,
  year =	 2011,
  note =
                  "\url{http://ec.europa.eu/public_opinion/flash/fl_313_en.pdf}"
}

@Misc{EC2,
  author =	 "European Commission",
  title =	 {{Multilingualism: an Asset
                  for Europe and a Shared Commitment}},
  year =	 2008,
  note =
                  "\url{http://ec.europa.eu/languages/pdf/comm2008_en.pdf}",
}

@Misc{Unesco1,
  title =	 {{Intersectoral
                  Mid-term Strategy on Languages and
                  Multilingualism}},
  year =	 2007,
  address =	 "Paris",
  author =	 "Directorate-General of
                  the UNESCO",
  note =
                  "\url{http://unesdoc.unesco.org/images/0015/001503/150335e.pdf}",
}

@Misc{EC3,
  title =	 {{Size of the
                  Language Industry in the EU}},
  year =	 2009,
  address =	 "Kingston Upon Thames",
  author =	 "Directorate-General for Translation
                  of the European Commission",
  note =
                  "\url{http://ec.europa.eu/dgs/translation/publications/studies}"
}

@Misc{Stat1,
  author =	 "Eurostat",
  title =	 {{Tables, Graphs and Maps (TGM) Interface table}},
  note =
                  "\url{http://epp.eurostat.ec.europa.eu/tgm/table.do?tab=table&language=en&pcode=tps00001&tableSelection=1&footnotes=yes&labeling=labels&plugin=1}"
}

@Misc{Dias1,
  title =	 {{Greek Diaspora}},
  author =	 "Wikipedia",
  note =
                  "\url{http://en.wikipedia.org/wiki/Greek_diaspora}"
}

@Misc{Trud1,
  title =	 {{Modern Greek Dialects)}},
  author =	 "Peter Trudgill",
  note =
                  "\url{http://www.greek-language.gr/greekLang/modern_greek/studies/dialects/thema_a_1_1en/index.html}"
}

@Book{Bro1,
  author =	 "Robert Browning",
  title =	 {{Medieval and Modern Greek}},
  publisher =	 "Cambridge University Press",
  year =	 1969,
  address =	 {Cambridge}
}


@Book{Kopi1,
  author =	 "Μ.Ζ. Κοπιδάκης (M.Z. Kopidakis)",
  title =	 {{Ιστορία της ελληνικής γλώσσας (History of the Greek language)}},
  publisher =	 "Ελληνικό Λογοτεχνικό και Ιστορικό Αρχείο (The Hellenic Literary and Historical Archive)",
  year =	 1999,
  address =	 {Αθήνα (Athens)}
}

@Book{Tonn1,
  author =	 "Henri Tonnet",
  title =	 {{Histoire du Grec Moderne}},
  publisher =	 "L' Asiatheque",
  year =	 1993,
  address =	 {Paris}
}



@Book{Chris1,
  author =	 "Αναστάσιος-Φοίβος Χριστίδης (A. Ph. Christidis)",
  title =	 {{Ιστορία της ελληνικής γλώσσας (History of the Ancient Greek language)}},
  publisher =	 "Ινστιτούτο Νεοελληνικών Σπουδών (Institute for Modern Greek Studies)",
  year =	 2005,
  address =	 {Θεσσαλονίκη (Thessaloniki)}
}

@Misc{Dend1,
  author =	 {Bessie Dendrinos and Maria Theodoropoulou},
  title =	 {{Language issues and language policies in Greece}},
  note =	 "\url{http://www.efnil.org/documents/conference-publications/riga-2007/Riga-06-Dendrinos-Mother.pdf}" 
}

@Book{Mack1,
  author =	 {Peter Mackridge},
  title =	 {{Η Νεοελληνική Γλώσσα (The Modern Greek language)}},
  publisher =	 {Πατάκης (Patakis)},
  year =	 1990,
}

@Misc{Pisa2,
  author =	 "OECD",
  note =
                  "\url{http://www.oecd.org/dataoecd/34/60/46619703.pdf}",
  title =	 {{Summary of
                  Results from PISA 2009}}
}

@Misc{Obs1,
  author =	 "Observatory for Digital Greece (Παρατηρητήριο για την Ψηφιακή Ελλάδα)",
  title =	 {{Measurement of eEurope/i2010 indicators for Greece}},
  note =	 "\url{http://www.observatory.gr/files/meletes/Booklet%20eEurope%202008%20en.pdf}" 
}



@Article{zar1,
  author =	 {Jerrold H. Zar},
  title =	 {{Candidate for a Pullet Surprise}},
  journal =	 {Journal of Irreproducible Results},
  year =	 1994,
  pages =	 13,
}


@Misc{spi1,
  author =	 "Spiegel Online",
  title =	 {{Google zieht weiter davon (Google is still leaving
                  everybody behind)}},
  year =	 2009,
  note =
                  "\url{http://www.spiegel.de/netzwelt/web/0,1518,619398,00.html}"
}

@Misc{pc1,
  title =	 {{Google Rolls out Semantic Search
                  Capabilities}},
  author =	 "Juan Carlos Perez",
  publisher =	 "PCWorld",
  year =	 2009,
  note =
                  "\url{http://www.pcworld.com/businesscenter/article/161869/google_rolls_out_semantic_search_capabilities.html}"
}

@InProceedings{bleu1,
  author =	 {Kishore Papineni and Salim Roukos and Todd Ward and Wei-Jing Zhu},
  title =	 {{BLEU: A Method for
                  Automatic Evaluation of Machine Translation}},
  booktitle =	 {Proceedings of the 40th Annual Meeting of ACL},
  year =	 2002,
  address =	 {Philadelphia, PA},
}


@Misc{laz2,
  author =	 "Gianni Lazzari",
  title =	 {{Human Language
                  Technologies for Europe}},
  note =
                  "\url{http://tcstar.org/pubblicazioni/D17_HLT_ENG.pdf}",
  year =	 2006,
}


@InProceedings{euro1,
  author =	 {Philipp Koehn and Alexandra Birch and Ralf
                  Steinberger},
  title =	 {{462 Machine Translation Systems for Europe}},
  booktitle =	 {Proceedings of MT Summit XII},
  year =	 2009,
}



@Book{jurafsky-martin01,
  author = 	 {Daniel Jurafsky and James H. Martin},
  title = 	 {{Speech and Language Processing (2nd Edition)}},
  publisher = 	 {Prentice Hall},
  year = 	 {2009},
}


@Book{manning-schuetze1,
  author = 	 {Christopher D. Manning and Hinrich Schütze},
  title = 	 {{Foundations of Statistical Natural Language Processing}},
  publisher = 	 {MIT Press},
  year = 	 {1999},
}


@Misc{lt-world1,
  title = 	 {{Language Technology World (LT World)}},
  note =
                  "\url{http://www.lt-world.org/}",
}



@Book{lt-survey1,
  editor = 	 {Ronald Cole and Joseph Mariani and Hans Uszkoreit and Giovanni Battista Varile and Annie Zaenen and Antonio Zampolli},
  title = 	 {{Survey of the State of the Art in Human Language Technology (Studies in Natural Language Processing)}},
  publisher = 	 {Cambridge University Press},
  year = 	 {1998},
}

