@Book{boo1,
  author =      {Aljoscha Burchard and Markus Egg and Kathrin Eichler and Brigitte Krenn and Jörn Kreutel and Annette Leßmöllmann and Georg Rehm and Manfred Stede and Hans Uszkoreit and Martin Volk},
  title =  {{Die Deutsche Sprache im Digitalen Zeitalter -- The German Language in the Digital Age}},
  publisher =   {Springer},
  year =         2012,
  series =      {META-NET White Paper Series. Georg Rehm and Hans Uszkoreit (Series Editors)}
}

@Misc{str1,
  author =	 {Aljoscha Burchardt and Georg Rehm and Felix Sasaki},
  title =	 {{The Future European Multilingual Information Society -- Vision
                  Paper for a Strategic Research Agenda}},
  institution =	 {META-NET},
  year =	 2011,
  note =         "\url{http://www.meta-net.eu/vision/reports/meta-net-vision-paper.pdf}",
}

@Misc{str2,
  author =	 "Directorate-General Information Society \& Media of the European
                  Commission",
  title =	 {{User Language Preferences Online}},
  series =	 "Flash Eurobarometer",
  number =	 313,
  year =	 2011,
  note =
                  "\url{http://ec.europa.eu/public_opinion/flash/fl_313_en.pdf}"
}

@Misc{str3,
  author =	 "European Commission",
  title =	 {{Multilingualism: an Asset for Europe and a Shared Commitment}},
  year =	 2008,
  note =
                  "\url{http://ec.europa.eu/languages/pdf/comm2008_en.pdf}",
}

@Misc{str4,
  title =	 {{Intersectoral Mid-term Strategy on Languages and
                  Multilingualism}},
  year =	 2007,
  address =	 "Paris",
  author =	 "Directorate-General of the UNESCO",
  note =
                  "\url{http://unesdoc.unesco.org/images/0015/001503/150335e.pdf}",
}

@Misc{str5,
  title =	 {{Size of the Language Industry in the EU}},
  year =	 2009,
  address =	 "Kingston Upon Thames",
  author =	 "Directorate-General for Translation
                  of the European Commission",
  note =
                  "\url{http://ec.europa.eu/dgs/translation/publications/studies}"
}

@Misc{str6,
  author = 	"Narodne novine",
  title = 	{{Ustav Republike Hrvatske}},
  year = 	2001,
  note = 	"\url{http://narodne-novine.nn.hr/clanci/sluzbeni/232289.html}",
}

@Book{boo2,
  author =	 {Mladen Klemenčić},
  title =	 {{A Concise atlas of the Republic of Croatia \& of the Republic of Bosnia and Hercegovina}},
  publisher =	 {Miroslav Krleža Lexicographical Institute},
  year =	 1993,
}

@Misc{str7,
  author = 	"Institut za hrvatski jezik i jezikoslovlje (Institute of Croatian Language and Linguistics)",
  note = 	"\url{http://www.ihjj.hr/}",
}

@Misc{str8,
  author = 	"Institut za hrvatski jezik i jezikoslovlje (Institute of Croatian Language and Linguistics)",
  title = 	{{Jezični Savjeti (Language Advice Portal)}},
  note = 	"\url{savjetnik.ihjj.hr}",
}

@Misc{str9,
  author = 	"Institut za hrvatski jezik i jezikoslovlje (Institute of Croatian Language and Linguistics)",
  title = 	{{Struna: Hrvatsko strukovno nazivlje (Struna: Croatian Professional Terminology)}},
  note = 	"\url{http://struna.ihjj.hr/o-programu//}",
}

@Misc{str10,
  title = 	{{Croaticum - centar za hrvatski kao drugi i strani jezik (Croaticum – The Center for Croatian as a Second and Foreign Language)}},
  note = 	"\url{http://croaticum.ffzg.hr/}",
}

@Misc{str11,
  title = 	{{Hrvatski jezik (Croatian Language)}},
  note = 	"\url{http://www.hrvatskijezik.eu/}",
}

@Misc{str12,
  title = 	{{Jezične tehnologije za hrvatski jezik (Human Language Technologies)}},
  note = 	"\url{http://jthj.ffzg.hr/}",
}

@Book{boo2nd,
  author =	 {Slaven Batnožić and Branko Ranilović and Josip Silić},
  title =	 {{Hrvatski računalni pravopis: uz računalni program (Spelling-checker)}},
  publisher =	 {Matica Hrvatska},
  year =	 1996,
}

@Misc{str13,
  title = 	{{Hrvatski akademski spelling checker (Hascheck)}},
  note = 	"\url{http://hacheck.tel.fer.hr/}",
}

@Misc{str14,
  author =	 "Spiegel Online",
  title =	 {{Google zieht weiter davon (Google is still leaving
                  everybody behind)}},
  year =	 2009,
  note =
                  "\url{http://www.spiegel.de/netzwelt/web/0,1518,619398,00.html}"
}

@Misc{str15,
  title =	 {{Google Rolls out Semantic Search Capabilities}},
  author =	 "Juan Carlos Perez",
  publisher =	 "PCWorld",
  year =	 2009,
  note =
                  "\url{http://www.pcworld.com/businesscenter/article/161869/google_rolls_out_semantic_search_capabilities.html}"
}

@Misc{str16,
  title = 	{{Hrvatski Morfološki Leksikon (Croatian Morphological Lexicon)}},
  note = 	"\url{http://hml.ffzg.hr}",
}

@Misc{str17,
  title = 	"MULTEXT-East: Multilingual Text Tools and Corpora for Central and Eastern European Languages",
  note = 	"\url{http://nl.ijs.si/ME/}",
}

@Misc{str18,
  title = 	"CADIAL: Computer Aided Document Indexing for Accessing Legislation",
  note = 	"\url{http://www.cadial.org/}",
}

@Misc{str19,
  title = 	"CADIAL: Computer Aided Document Indexing for Accessing Legislation",
  note = 	"\url{http://cadial.hidra.hr/search.php/}",
}

@Misc{str20,
  title = 	"The MBROLA Project",
  note = 	"\url{http://tcts.fpms.ac.be/synthesis/mbrola.html}",
}

@Article{art1,
  author =	 {Branimir Dropuljić and Davor Petrinović},
  title =	 {{Development of Acoustic Model for Croatian Language Using HTK}},
  journal =	 {Automatika},
  year =	 2010,
  volume =	 51,
  number =	 1,
  pages =	 {79--88},
  }

@Article{art2,
  author =	 {Sanda Martinčić-Ipšić and Miran Pobar and Ivo Ipšić},
  title =	 {{Croatian Large Vocabulary Automatic Speech Recognition}},
  journal =	 {Automatika},
  year =	 2011,
  volume =	 52,
  number =	 2,
  pages =	 {147--157},
}

@Misc{str21,
  title = 	{{CRO-SPEECHDAT (Baza govornih uzoraka i tekstova dostupna putem Interneta)}},
  note = 	"\url{http://www.inf.uniri.hr/~ivoi/CROSPEECH/index.htm}",
}

@Article{art3,
  author =	 {Sanda Martinčić-Ipšić and Ivo Ipšić},
  title =	 {{Croatian HMM Based Speech Synthesis}},
  journal =	 {Journal of Computing and Information Technology},
  year =	 2006,
  volume =	 14,
  number =	 4,
  pages =	 {299--305},
}

@InProceedings{pro1,
  author =	 {Ralf Steinberger and Bruno and Pouliquen and Anna Widiger and Camelia Ignat and Tomaž Erjavec and Dan Tufiş and Dániel Varga},
  title =	 {{The JRC-Acquis: A multilingual aligned parallel corpus with 20+ languages}},
  booktitle =	 {Proceedings of the 5th International Conference on Language Resources and Evaluation (LREC2006)},
  year =	 2006,
}

@InProceedings{pro2,
  author =	 {Philipp Koehn and Alexandra Birch and Ralf Steinberger},
  title =	 {{462 Machine Translation Systems for Europe}},
  booktitle =	 {MT Summit XII},
  year =	 2009,
}

@Article{art4,
  author =	 {Svetozar Petrović and Bulcsú László},
  title =	 {{Strojno prevođenje i statistika u jeziku}},
  journal =	 {Naše teme},
  year =	 1959,
  number =	 6,
  pages =	 {105--298},
}

@Misc{str22,
  title = 	{{Information Technology in Translation and e-Learning of Croatian}},
  note = 	"\url{http://rmjt.ffzg.hr/p4_en.html}",
}

@Misc{str23,
  title = 	{{Let's MT}},
  note = 	"\url{https://www.letsmt.eu/Start.aspx}",
}

@Misc{str24,
  title = 	"ACCURAT",
  note = 	"\url{http://www.accurat-project.eu/}",
}

@InProceedings{pro3,
  author =	 {Inguna Skadiņa and Andrejs and Vasiļjevs Raivis Skadiņš and Robert Gaizauskas and Dan Tufiş and Tatiana Gornostay},
  title =	 {{Analysis and Evaluation of Comparable Corpora for Under Resourced Areas of Machine Translation}},
  booktitle =	 {Proceedings of the 3rd Workshop on Building and Using Comparable Corpora. European Language Resources Association (ELRA)},
  year =	 2010,
}

@InProceedings{pro4,
  author =	 {Andreas Eisele and Jia Xu},
  title =	 {{Improving Machine Translation Performance Using Comparable Corpora}},
  booktitle =	 {Proceedings of the 3rd Workshop on Building and Using Comparable Corpora},
  year =	 2010,
}

@InProceedings{pro5,
  author =	 {Andrejs Vasiljevs and Tatiana Gornostay and Raivis Skadins},
  title =	 {{LetsMT! – Online Platform for Sharing Training Data and Building User Tailored Machine Translation}},
  booktitle =	 {Proceedings of the Fourth Baltic conference ‘Human Language Technologies – the Baltic Perspective’},
  year =	 2010,
}

@InProceedings{pro6,
  author =	 {Kishore Papineni and Salim Roukos and Todd Ward and Wei-Jing Zhu},
  title =	 {{BLEU: a Method for Automatic Evaluation of Machine Translation}},
  booktitle =	 {Proceedings of the 40th Annual Meeting of ACL},
  year =	 2002,
}

@Misc{str25,
  title = 	{{HINA: Hrvatska izvještajna novinska agencija (HINA: Croatian News Agency)}},
  note = 	"\url{http://websrv2.hina.hr/hina/web/index.action}",
}

@InProceedings{pro7,
  author =	 {Božo Bekavac and Marko Tadić},
  title =	 {{Implementation of Croatian NERC system}},
  booktitle =	 {Proceedings of the Workshop on Balto-Slavonic Natural Language Processing 2007},
  year =	 2007,
}

@Misc{str26,
  title = 	{{Knowledge Technologies Lab}},
  note = 	"\url{http://ktlab.fer.hr/}",
}

@Article{art5,
  author =	 {Nives Mikelić Preradović and Tomislava Lauc and Damir Boras},
  title =	 {{CROXMLSUM – the System for XML. Document Summarization in Croatian}},
  journal =	 {International Journal of Mathematics and Computers in Simulation},
  year =	 2007,
  volume =	 1,
  number =	 1,
  pages =	 {81--89},
}

@Article{art6,
  author =	 {Branko Žitko and Slavomir Stankov and Marko Rosić and Ani Grubišić},
  title =	 {{Dynamic test generation over ontology-based knowledge representation in authoring shell}},
  journal =	 {Expert Systems with Applications},
  year =	 2009,
  volume =	 36,
  number =	 4,
  pages =	 {8185--8196},
}

@Book{boo3,
  author =	 {Željko Bujas},
  title =	 {{Osman, kompjutorska konkordancija
                  (Osman, Computer Concordance)}},
  publisher =	 {Sveučilišna naklada Liber},
  year =	 1974,
}

@Article{art7,
  author =	 {Marko Tadić},
  title =	 {{Računalna obradba hrvatskih korpusa: povijest, stanje i perspektive (Computer processing of Croatian corpora: history, status and perspectives)}},
  journal =	 {Suvremena lingvistika},
  year =	 1997,
  volume =	 "43-44",
  number =	 "1-3",
 pages =	 {387--394},
 }

 @Book{boo4,
  author =	 {Milan Moguš and Maja Bratanić and Marko Tadić},
  title =	 {{Hrvatski čestotni rječnik
                  (Croatian Frequency Dictionary)}},
  publisher =	 {Školska knjiga},
  year =	 1999,
}

@Misc{str27,
  title = 	{{Hrvatski nacionalni korpus (Croatian National Corpus)}},
  note = 	"\url{http://hnk.ffzg.hr/}",
}

@InProceedings{pro8,
  author =	 {Marko Tadić},
  title =	 {{Building the Croatian National Corpus}},
  booktitle =	 {Proceedings of the 3rd International Conference on Language Resources and Evaluation (LREC2002)},
  year =	 2002,
}

@Book{boo5,
  author =	 {Marko Tadić},
  title =	 {{Jezične tehnologije i hrvatski jezik
                  (Human Language Technologies and Croatian Language)}},
  publisher =	 {Exlibris},
  year =	 2003,
}

@InProceedings{pro9,
  author =	 {Marko Tadić},
  editor = { Dana Hlaváčková and Aleš Horák and Klara Osolsobě and Pavel Rychlý},
  booktitle =	 {After Half a Century of Slavonic Natural Language Processing, Masaryk University},
  title = {{New version of the Croatian National Corpus}},
  publisher = {Masaryk University},
  year = {2009},
}

@InProceedings{pro10,
  author =	 {Nikola Ljubešić and Tomaž Erjavec},
  booktitle =	 {Proceedings of the 14th International Conference Text, Speech and Dialogue (TSD2011)},
  title = {{hrWaC and slWaC: Compiling web corpora for Croatian and Slovene}},
  publisher = {Springer},
  year = {2011},
}

@Misc{str28,
  title = 	{{Portal hrvatske rječničke baštine (Croatian Old Dictionary Portal)}},
  note = 	"\url{http://crodip.ffzg.hr/}",
}

@Misc{str29,
  title = 	{{Hrvatska jezična riznica (Croatian Language Repository)}},
  note = 	"\url{http://riznica.ihjj.hr/}",
}

@InProceedings{pro11,
  author =	 {Dunja Brozović Rončević and Damir Ćavar},
  title =	 {{Hrvatska jezična riznica kao podloga jezičnim i jezičnopovijesnim istraživanjima hrvatskoga jezika ( Croatian Language treasury as a base language and ..... Croatian language studies)}},
  booktitle =	 {Vidjeti Ohrid: Proceedings of the 14th international Slavistic Congress in Ohrid},
  year =	 2008,
}

@Misc{str30,
  title = 	{{Računalnolingvistički modeli i jezične tehnologije za hrvatski jezik (Computational Linguistic Models and Language Technologies for Croatian)}},
  note = 	"\url{http://rmjt.ffzg.hr/}",
}

@Misc{str31,
  title = 	{{Hrvatska ovisnosna banka stabala (Croatian Dependency Treebank)}},
  note = 	"\url{http://hobs.ffzg.hr/}",
}

@Misc{str32,
  title = 	{{Lexical Semantics in Building the Croatian WordNet}},
  note = 	"\url{http://rmjt.ffzg.hr/p3_en.html}",
}

@Article{art8,
  author =	 {Željko Agić and Marko Tadić and Zdravko Dovedan},
  title =	 {{Improving Part-of-Speech Tagging Accuracy for Croatian by Morphological Analysis}},
  journal =	 {Informatica},
  year =	 2008,
  volume =	 32,
  number =	 4,
  pages =	 {445--451},
}

@InProceedings{pro12,
  author =	 {Željko Agić and Marko Tadić and Zdravko Dovedan},
  editor = {Klopotek, M. and Przepiorkowski, A. and Wierzchon, S. and Trojanowski, K. },
  booktitle =	 {Recent Advances in Intelligent Information Systems},
  title = {{Evaluating Full Lemmatization of Croatian Texts}},
  publisher = {Academic Publishing House EXIT},
  year = {2009},
}

@Misc{str33,
  title = 	{{Knowledge discovery in textual data}},
  note = 	"\url{http://rmjt.ffzg.hr/p5_en.html}",
}

@Misc{str34,
  author = 	{{Ministarstvo znanosti, obrazovanja i sporta}},
  title = 	{{Z projekti}},
  note = 	"\url{http://zprojekti.mzos.hr/page.aspx?pid=97&lid=1}",
}

@Article{art9,
  author =	 {Nives Mikelić Preradović},
  title =	 {{CROVALLEX lexicon improvements: Subcategorization and semantic constraints}},
  journal =	 {WSEAS Transactions on Computers},
  year =	 2010,
  volume =	 9,
  number =	 3,
 }

@Misc{str35,
  title = 	{{Hrvatsko društvo za jezične tehnologije (Croatian Language Technologies Society )}},
  note = 	"\url{http://www.hdjt.hr/index_en.html}",
}

@Misc{str36,
  author = 	"Gianni Lazzari",
  title = 	{{Sprachtechnologien für Europa}},
  year=	2006,
  note = 	"\url{http://tcstar.org/pubblicazioni/D17_HLT_DE.pdf}",
}

@Article{art10,
  author =	 {Georg Rehm and Hans Uszkoreit},
  title =	 {Multilingual {Europe}: {A} challenge for language
                  tech},
  journal =	 {MultiLingual},
  year =	 2011,
  volume =	 22,
  number =	 3,
  pages =	 {51--52},
  month =	 {April/May}
}

@Book{boo6,
  editor = 	 {Kai-Uwe Carstensen and Christian Ebert and Cornelia Ebert and Susanne Jekat and Hagen Langer and Ralf Klabunde},
  title = 	 {{Computerlinguistik und Sprachtechnologie: Eine Einführung} ({Computational Linguistics and Language Technology: An Introduction})},
  publisher = 	 {Spektrum Akademischer Verlag},
  year = 	 {2009},
}

@Book{boo7,
  author = 	 {Daniel Jurafsky and James H. Martin},
  title = 	 {{Speech and Language Processing (2nd Edition)}},
  publisher = 	 {Prentice Hall},
  year = 	 {2009},
}

@Book{boo8,
  author = 	 {Christopher D. Manning and Hinrich Schütze},
  title = 	 {{Foundations of Statistical Natural Language Processing}},
  publisher = 	 {MIT Press},
  year = 	 {1999},
}

@Misc{str37,
  title = 	 {{Language Technology World (LT World)}},
  note =
                  "\url{http://www.lt-world.org}",
}

@Book{boo9,
  editor = 	 {Ronald Cole and Joseph Mariani and Hans Uszkoreit and Giovanni Battista Varile and Annie Zaenen and Antonio Zampolli},
  title = 	 {{Survey of the State of the Art in Human Language Technology (Studies in Natural Language Processing)}},
  publisher = 	 {Cambridge University Press},
  year = 	 {1998},
}

@Article{art11,
  author =	 {Jerrold H. Zar},
  title =	 {{Candidate for a Pullet Surprise}},
  journal =	 {Journal of Irreproducible Results},
  year =	 1994,
  pages =	 13,
}

@Misc{str38,
  author = 	{Ministarstvo znanosti, obrazovanja i sporta},
  title = 	{{Z projekti}},
  note = 	"\url{http://zprojekti.mzos.hr/page.aspx?pid=96}",
}


