@Misc{Stat1,
  author =	 "Eurostat",
  title =	 {{Tables, Graphs and Maps Interface Table}},
  note =
                  "\url{http://epp.eurostat.ec.europa.eu/tgm/table.do?tab=table&language=en&pcode=tps00001&tableSelection=1&footnotes=yes&labeling=labels&plugin=1}"
}

@Misc{Dias1,
  title =	 {{Greek Diaspora}},
  author =	 "Wikipedia",
  note =
                  "\url{http://en.wikipedia.org/wiki/Greek_diaspora}"
}

@Misc{Trud1,
  title =	 {{Modern Greek Dialects}},
  author =	 "Peter Trudgill",
  note =
                  "\url{http://www.greek-language.gr/greekLang/modern_greek/studies/dialects/thema_a_1_1en/index.html}"
}

@Book{Bro1,
  author =	 "Robert Browning",
  title =	 {{Medieval and Modern Greek}},
  publisher =	 "Cambridge University Press",
  year =	 1969,
  address =	 {Cambridge}
}

@Book{Kopi1,
  author =	 "Μ.Ζ. Κοπιδάκης (M.Z. Kopidakis)",
  title =	 {{Ιστορία της ελληνικής γλώσσας (History of the Greek language)}},
  publisher =	 "Ελληνικό Λογοτεχνικό και Ιστορικό Αρχείο (The Hellenic Literary and Historical Archive)",
  year =	 1999,
  address =	 {Αθήνα (Athens)}
}

@Book{Tonn1,
  author =	 "Henri Tonnet",
  title =	 {{Histoire du Grec Moderne}},
  publisher =	 "L' Asiatheque",
  year =	 1993,
  address =	 {Paris}
}

@Misc{Pisa2,
  author =	 "OECD",
  note =
                  "\url{http://www.oecd.org/dataoecd/34/60/46619703.pdf}",
  title =	 {{Summary of Results from PISA 2009}}
}

@Misc{Obs1,
  author =	 "Observatory for Digital Greece (Παρατηρητήριο για την Ψηφιακή Ελλάδα)",
  title =	 {{Measurement of eEurope/i2010 Indicators for Greece}},
  note =	 "\url{http://www.observatory.gr/files/meletes/Booklet%20eEurope%202008%20en.pdf}" 
}

@Book{lt-survey1,
  editor =	 {Ronald Cole and Joseph Mariani and Hans Uszkoreit
                  and Giovanni Battista Varile and Annie Zaenen and
                  Antonio Zampolli},
  title =	 {{Survey of the State of the Art in Human Language
                  Technology (Studies in Natural Language
                  Processing)}},
  publisher =	 {Cambridge University Press},
  year =	 {1998},
}

@Misc{Meta1,
  author =	 {Aljoscha Burchardt and Georg Rehm and Felix Sasaki},
  title =	 {{The Future European Multilingual Information
                  Society -- Vision Paper for a Strategic Research
                  Agenda}},
  institution =	 {META-NET},
  year =	 2011,
  note =
                  "\url{http://www.meta-net.eu/vision/reports/meta-net-vision-paper.pdf}",
}

@Article{rehm2011,
  author =	 {Georg Rehm and Hans Uszkoreit},
  title =	 {Multilingual {Europe}: {A} challenge for language
                  tech},
  journal =	 {MultiLingual},
  year =	 2011,
  volume =	 22,
  number =	 3,
  pages =	 {51--52},
  month =	 {April/May}
}

@Misc{EC1,
  author =	 "Directorate-General Information Society \& Media of
                  the European Commission",
  title =	 {{User Language Preferences Online}},
  series =	 "Flash Eurobarometer",
  number =	 313,
  year =	 2011,
  note =
                  "\url{http://ec.europa.eu/public_opinion/flash/fl_313_en.pdf}"
}

@Misc{EC2,
  author =	 "European Commission",
  title =	 {{Multilingualism: an Asset for Europe and a Shared
                  Commitment}},
  year =	 2008,
  note =
                  "\url{http://ec.europa.eu/languages/pdf/comm2008_en.pdf}",
}

@Misc{Unesco1,
  title =	 {{Intersectoral Mid-term Strategy on Languages and
                  Multilingualism}},
  year =	 2007,
  address =	 "Paris",
  author =	 "Directorate-General of the UNESCO",
  note =
                  "\url{http://unesdoc.unesco.org/images/0015/001503/150335e.pdf}",
}

@Misc{EC3,
  title =	 {{Size of the Language Industry in the EU}},
  year =	 2009,
  address =	 "Kingston Upon Thames",
  author =	 "Directorate-General for Translation of the European
                  Commission",
  note =
                  "\url{http://ec.europa.eu/dgs/translation/publications/studies}"
}

@Misc{Eur1,
  author =	 "Translation Centre for the Bodies of the European
                  Union",
  title =	 {{Our EU Languages}},
  note =
                  "\url{http://cdt.europa.eu/EN/whoweare/Pages/OurEUlanguages.aspx}"
}

@Misc{Goe1,
  title =	 {{Deutsch als Fremdsprache weltweit -- Datenerhebung
                  2005 (German as a Foreign Language -- 2005 Survey)}},
  author =	 "StADaF -- St{\"a}ndige Arbeitsgruppe Deutsch als
                  Fremdsprache (Working Group German
                  as a Foreign Language)",
  note =
                  "\url{http://www.goethe.de/mmo/priv/1459127-STANDARD.pdf}"
}

@Misc{Efni1,
  title =	 {{About Spain (España)}},
  author =	 "Federación Europea de Instituciones Nacionales para las Lenguas
(EFNIL -- European Federation of National)
                  Institutions for Languages",
  year =	 2009,
  note =
                  "\url{http://www.efnil.org/documents/language-legislation-version-2007/spain/spain}"
}

@Misc{Pisa1,
  author =	 "OECD",
  note =
                  "\url{http://www.pisa.oecd.org/dataoecd/34/19/46619755.pdf}",
  title =	 {{Summary of Results from PISA 2009 (PISA 2009
                  Ergebnisse: Zusammenfassung)}}
}

@Misc{kmk1,
  title =	 {{Bildungsbericht f{\"u}r Deutschland (Report about
                  Education in Germany)}},
  author =	 "Hermann Avenarius and Hartmut Ditton and Hans Döbert
                  and Klaus Klemm and Eckhard Klieme and Matthias
                  Rürup and Heinz-Elmar Tenorth and Horst Weishaupt
                  and Manfred Weiß",
  publisher =	 "Leske + Budrich",
  address =	 "Opladen",
  year =	 2003,
  note =
                  "\url{http://www.kmk.org/fileadmin/veroeffentlichungen_beschluesse/2003/2003_01_01-Bildungsbericht-erste-Befunde.pdf}"
}

@Misc{joy1,
  title =	 {{The Status of German today (Der Status von Deutsch
                  heute)}},
  author =	 "Paul Joyce",
  year =	 2010,
  note =
                  "\url{http://www.pauljoycegerman.co.uk/abinitio/whygerm7.html}"
}

@Misc{ard1,
  author =	 {{ZDF Pressestelle (ZDF Press Office)}},
  title =	 {{ARD ZDF Onlinestudie (ARD ZDF Online Survey)}},
  note =	 "\url{http://www.ard-zdf-onlinestudie.de}"
}

@Misc{ict1,
  author =	 "Statistiken Österreich (Statistics Austria)",
  title =	 {{IKT Nutzung in Haushalten (ICT Usage in
                  Households)}},
  note =
                  "\url{http://www.statistik.at/web_en/statistics/information_society/ict_usage_in_households/041019.html}",
  year =	 2011
}

@Misc{denic1,
  author =	 "DENIC",
  title =	 {{Geschichte der DENIC eG (History of the DENIC eG)}},
  note =
                  "\url{http://www.denic.de/hintergrund/geschichte-der-denic-eg.html}"
}

@Misc{ebrands1,
  author =	 "eBrand Services",
  title =	 {{Updates to Country Code and Generic Top Level
                  Domains (Nachrichten zu Updates der Länder- und
                  generischen Domänen oberster Stufe)}},
  note =
                  "\url{http://www.ebrandservices.com/welcome-to-e-brand-services,130.html}"
}

@Misc{leo1,
  title =	 {{LEO Online Wörterbuch (LEO Online Dictionary)}},
  note =	 "\url{http://dict.leo.org}"
}

@Article{zar1,
  author =	 {Jerrold H. Zar},
  title =	 {{Candidate for a Pullet Surprise}},
  journal =	 {Journal of Irreproducible Results},
  year =	 1994,
  pages =	 13,
}

@Book{lwpgerman,
  author =	 {Aljoscha Burchard and Markus Egg and Kathrin Eichler
                  and Brigitte Krenn and Jörn Kreutel and Annette
                  Leßmöllmann and Georg Rehm and Manfred Stede and
                  Hans Uszkoreit and Martin Volk},
  title =	 {{Die Deutsche Sprache im Digitalen Zeitalter -- The
                  German Language in the Digital Age}},
  publisher =	 {Springer},
  year =	 2012,
  series =	 {META-NET White Paper Series. Georg Rehm and Hans
                  Uszkoreit (Series Editors)}
}

@InProceedings{lehrndorfer-etal1,
  author =	 {Anne Lehrndorfer and Stefanie Schachtl},
  title =	 {{TR09: Kontrolliertes Siemenes Dokumentationsdeutsch
                  und TopTrans (TR09: Controlled Siemens Documentary
                  German and TopTrans)}},
  booktitle =	 {Proceedings of TC Forum},
  year =	 1998,
}

@Misc{spi1,
  author =	 "Spiegel Online",
  title =	 {{Google zieht weiter davon (Google is still leaving
                  everybody behind)}},
  year =	 2009,
  note =
                  "\url{http://www.spiegel.de/netzwelt/web/0,1518,619398,00.html}"
}

@Misc{pc1,
  title =	 {{Google Rolls out Semantic Search Capabilities}},
  author =	 "Juan Carlos Perez",
  publisher =	 "PCWorld",
  year =	 2009,
  note =
                  "\url{http://www.pcworld.com/businesscenter/article/161869/google_rolls_out_semantic_search_capabilities.html}"
}

@InProceedings{bleu1,
  author =	 {Kishore Papineni and Salim Roukos and Todd Ward and
                  Wei-Jing Zhu},
  title =	 {{BLEU: A Method for Automatic Evaluation of Machine
                  Translation}},
  booktitle =	 {Proceedings of the 40th Annual Meeting of ACL},
  year =	 2002,
  address =	 {Philadelphia, PA},
}

@Misc{wie1,
  author =	 "Statistisches Bundesamt (Federal Statistic Office of
                  Germany)",
  title =	 {{Offizielle Universitätsstatistiken, März 2011
                  (Official University statistics, March 2011)}},
}

@Misc{laz1,
  author =	 "Gianni Lazzari",
  title =	 {{Sprachtechnologien f{\"u}r Europa (Language
                  Technology for Europe)}},
  note =
                  "\url{http://tcstar.org/pubblicazioni/D17_HLT_DE.pdf}",
  year =	 2006,
}

@Misc{laz2,
  author =	 "Gianni Lazzari",
  title =	 {{Human Language Technologies for Europe}},
  note =
                  "\url{http://tcstar.org/pubblicazioni/D17_HLT_ENG.pdf}",
  year =	 2006,
}

@Misc{latl1,
  author =	 "Yves Scherrer",
  title =	 {{Präsentationen und Veröffentlichungen
                  (Presentations and Publications)}},
  note =
                  "\url{http://www.latl.unige.ch/personal/yvesscherrer/#talks_papers.fr}"
}

@Misc{sor1,
  author =	 "sms4science",
  title =	 {{Bericht zu bestehenden Projekten und Initiativen
                  (Report on Existing Projects and Initiatives)}},
  note =	 "\url{http://www.sms4science.ch}",
  year =	 2011,
}

@InProceedings{euro1,
  author =	 {Philipp Koehn and Alexandra Birch and Ralf
                  Steinberger},
  title =	 {{462 Machine Translation Systems for Europe}},
  booktitle =	 {Proceedings of MT Summit XII},
  year =	 2009,
}

@Book{jurafsky-martin01,
  author =	 {Daniel Jurafsky and James H. Martin},
  title =	 {{Speech and Language Processing}},
  edition =	 {2nd},
  publisher =	 {Prentice Hall},
  year =	 2009,
}

@Book{manning-schuetze1,
  author =	 {Christopher D. Manning and Hinrich Schütze},
  title =	 {{Foundations of Statistical Natural Language
                  Processing}},
  publisher =	 {MIT Press},
  year =	 1999,
}


@Misc{lt-world1,
  title = 	 {{Language Technology World (LT World)}},
  note =
                  "\url{http://www.lt-world.org}",
}

@Book{lwpgerman,
  author = {Aljoscha Burchardt and Markus Egg and Kathrin Eichler and Brigitte Krenn and Jörn Kreutel and Annette Leßmöllmann and Georg Rehm and Manfred Stede and Hans Uszkoreit and Martin Volk},
  title = {{Die Deutsche Sprache im Digitalen Zeitalter -- The German Language in the Digital Age}},
  publisher = {Springer},
  year = 2012,
  series = {META-NET White Paper Series. Georg Rehm and Hans Uszkoreit (Series Editors)}
}

@Misc{ethnologue,
  title = 	 {{Ethnologue, Languages of the world}},
  note = "\url{http://www.ethnologue.org}",
}

@Book{atlasspanish,
  author = {Moreno Fernández and Francisco y Otero Roth},
  title = {{Atlas de la lengua española en el mundo (Atlas of the Spanish language in the world)}},
  address = {Jaime},
  year = 2007,
  editor = {Editorial Planeta}
}

@Book{gramatica,
  title = {{Nueva gramática de la lengua española (New Grammar of the Spanish language)}},
  publisher = {Real Academia Española},
  year = 2009,
  series = {Colección Nebrija y Bello}
}

@Misc{fundeu,
  title = 	 {{Fundación del español urgente (TRANSLATE ME)}},
  note = "\url{http://www.fundeu.es}",
}

@Misc{wikilengua,
  title = 	 {{Wikilengua del español (Wikilengua of Spanish)}},
  note = "\url{http://www.wikilengua.org}",
}

@Book{conespanola,
  author = {Hiram Vivanco Torres},
  title = {{Enseñanza del español como lengua extranjera (Teaching Spanish as a foreign language)}},
  publisher = {Ponencia Congreso Internacional de la Lengua Española},
  year = 2007,
  note = "\url{http://congresosdelalengua.es/cartagena/ponencias/seccion_3/36/vivanco_hiram.htm}",
  address = {Cartagena}
}

@Book{ecospanish1,
  author = {Garcia Delgado and Jose Luis},
  title = {{Economia del español, una introducción (The Spanish economy, an introduction))}},
  address = {Jaime},
  year = 2007,
  editor = {Editorial Planeta}
}

@Misc{ecospanish2,
  title = 	 {{El valor económico del español genera 3,5 millones de empleos (The economic value of Spanish generates 3.5 million jobs))}},
  note = "\url{http://www.fundacionlengua.com/es/valor-economico-espanol-genera-35-millones-empleos/art/1599/}"
}

@Book{espanolred,
  author = {SURNAME Rojo and SURNAME Guillermo y Sánchez and SURNAME Mercedes },
  title = {{El español en la red (Spanish on the network))}},
  year = 2010,
  editor = {Editorial Ariel},
  note = "\url{http://www.fundacion.telefonica.com/es/debateyconocimiento/media/publicaciones/espanol_red.pdf}"
}

@Article{ecospanish2,
  title = 	 {{El valor económico del español genera 3,5 millones de empleos (The economic value of Spanish generates 3.5 million jobs))}},
  note = "\url{http://www.fundacionlengua.com/es/valor-economico-espanol-genera-35-millones-empleos/art/1599/}",
}

@Misc{britishcouncil,
  author = {David Graddol},
  title = 	 {{English Next}},
  note = "\url{http://www.britishcouncil.org/learning-research-english-next.pdf}",
}

@Misc{nielsen,
  title = 	 {{Nielsen's online audience and consumer-generated media measurement and analysis solutions}},
  note = "\url{http://www.nielsen-online.com}",
}

@Misc{ontsi,
  title = 	 {{ontsi}},
  note = "\url{http://www.ontsi.red.es}",
}

@Book{lenguatec,
  author = {Quirós Romero},
  title = {{Lengua y tecnologías de la información y las comunicaciones (Language and information technology and communications)}},
  publisher = {Cipriano},
  editor = {Editorial Planeta},
  year = 2010,
}

@Misc{EUecommerce,
  title = 	 {{Report on cross-border e-commerce in the EU}},
  note = "\url{ http://ec.europa.eu/consumers/strategy/docs/com_staff_wp2009_en.pdf}",
}

@Book{HuLaTec,
  author = {Viviane Reding and Ján Figel’},
  title = {{Human Language Technologies for Europe}},
  editor = {TC-Star},
  year = 2006,
}

@Misc{internetworldstats,
  title = 	 {{Internet World Stats}},
  note = "\url{http://www.internetworldstats.com/stats7.htm}",
}
