@Misc{Meta1,
  author =	 {Aljoscha Burchardt and Georg Rehm and Felix Sasaki},
  title =	 {{The Future European Multilingual Information Society -- Vision
                  Paper for a Strategic Research Agenda)}},
  institution =	 {META-NET},
  year =	 2011,
  note =         "\url{http://www.meta-net.eu/vision/reports/meta-net-vision-paper.pdf}",
}

@Misc{EC1,
  author = "Directoratul general pentru Societatea Infromațională și Media al Comisiei Europeane (Directorate-General
                  Information Society \& Media of the European
                  Commission)",
  title =	 {{Preferințele lingvistice online ale utilizatorilor (User Language
                  Preferences Online)}},
  series =	 "Flash Eurobarometer",
  number =	 313,
  year =	 2011,
  note =
                  "\url{http://ec.europa.eu/public_opinion/flash/fl_313_en.pdf}"
}

@Misc{EC2,
  author =	 "Comisia Europeană (European Commission)",
  title =	 {{Multilingvism: un avantaj pentru Europan și un angajament comun (Multilingualism: an Asset
                  for Europe and a Shared Commitment)}},
  year =	 2008,
  note =
                  "\url{http://ec.europa.eu/languages/pdf/comm2008_en.pdf}",
}

@Misc{Unesco1,
  title =	 {{Stategie intersectirială pe termen mediu privind limbile și multilingvismul (Intersectoral
                  Mid-term Strategy on Languages and
                  Multilingualism)}},
  year =	 2007,
  address =	 "Paris",
  author =	 "Directoratul General UNESCO (Directorate-General of
                  the UNESCO)",
  note =
                  "\url{http://unesdoc.unesco.org/images/0015/001503/150335e.pdf}",
}

@Misc{EC3,
  title =	 {{Dimensiunile industriei limbajului in UE (Size of the
                  Language Industry in the EU)}},
  year =	 2009,
  address =	 "Kingston Upon Thames",
  author =	 "Directoratul General pentru traduceri al Comisiei Europene (Directorate-General for Translation
                  of the European Commission)",
  note =
                  "\url{http://ec.europa.eu/dgs/translation/publications/studies}"
}

@Misc{stat1,
  title =	 {{Anuar statistic 2009 (Statistical Yearbook 2009)}},
  year =	 2009,
  author =	 "Institutului Național de Statistică  (National Institute of Statistics)",
  note =
                  "\url{http://www.insse.ro/cms/files/Anuar statistic/02/02 Populatie_en.pdf}"
}

@Misc{stat2,
  title =	 {{Bază de date statistică  (Statistical database)}},
  year =	 2011,
  author =	 "Biroului Național de Statistici al Republicii Moldova (Bureau of Statistics of the Republic of Moldova)",
  note =
                  "\url{http://statbank.statistica.md}"
}

@Misc{urlRom_diaspora,
  title =	 {{Diaspora românească (Romanian diaspora)}},
  year =	 2011,
  author =	 "Wikipedia",
  note =
                  "\url{http://en.wikipedia.org/wiki/Romanian_diaspora}"
}

@Misc{sala,
  title =	 {{Enciclopedia limbii române (Encyclopaedia of the Romanian Language)}},
  year =	 2006,
  address =	 "Editura Univers Enciclopedic, București (Univers Enciclopedic Publishing House, Bucharest)",
  author =	 "Marius Sala - editor",
  note =
                  "ediția a 2-a (2nd Edition)}"
}

@Misc{urlEFNIL,
  title =	 {{Cadru legislativ (Legal framework)}},
  year =	 2007,
  author =	 "Federația Europeană a Institutelor Naționale de Limbă (European Federation of National Institutions for Language)",
  note =
                  "\url{http://www.efnil.org/documents/language-legislation-version-2007/romania}"
}

@Misc{urlILR,
  title =	 {{Lectorate de limba română (Romanian language programs abroad)}},
  author =	 "Institutul Limbii Române (Institute for the Romanian Language)",
  note =
                  "\url{http://www.ilr.ro/plr.php?lmb=1}"
}

@Misc{urlInternetStatsRO,
  title =	 {{Statistici privind folosirea internetului și raport al pieței - România (Romania - Internet Usage Stats and Market Report)}},
  author =	 " Miniwatts Marketing Group",
  note =
                  "\url{http://www.internetworldstats.com/eu/ro.htm}"
}

@Misc{urlInternetStatsEU,
  title =	 {{Folosirea internetului în Uniunea Europeană (Internet Usage in European Union)}},
  author =	 " Miniwatts Marketing Group",
  note =
                  "\url{http://www.internetworldstats.com/stats9.htm}"
}

@Misc{uniunealat,
  title =	 {{Limbile şi culturile pe internet (Languages and cultures over the Internet)}},
  author =	 " Uniunea Latină (Union Latine)",
  note =          "\url{http://dtil.unilat.org/LI/2007/index_ro.htm}"
}

@Misc{vintila,
  title =	 {{ Limba română din perspective integrării în Uniunea Europeană (Romanian language from the perspective of its integration in the European Union)}},
  author =	 " Ioana Vintilă-Rădulescu",
  note =
                  "\url{http://www.unibuc.ro/ro/limba_romn_din_perspectiva_integrrii_europene}"
}

@Article{brancus,
  author =	 {Grigore Brâncuş},
  title =	 {{Vocabularul autohton al limbii române (The Autochtone Vocabulary of the romanian Language)}},
  journal =	 {Editura Știinfitică și tehnică (Scientific and Encyclopaedic Ed.)},
  year =	 1983,
}

@Article{zar1,
  author =	 {Jerrold H. Zar},
  title =	 {{Candidate for a Pullet Surprise}},
  journal =	 {Journal of Irreproducible Results},
  year =	 1994,
  pages =	 13,
}

@InProceedings{DIAC,
  author =	 {Dan Tufiş and Alexandru Ceauşu},
  title =	 {{DIAC+: A Professional Diacritics Recovering System}},
  booktitle =	 {Proceedings of Language Resources and Evaluation Conference - LREC 2008},
  year =	 2008,
}

@Misc{elrr,
  title =	 {{Resurse refolosibile pentru tehnologia limbjului românesc (Reusable Resources for Romanian Language Technology)}},
  author =	 "Institutul de Matematică şi Informatică, Academia de Ştiințe a Moldovei, Chişinău (Institute of Mathematics and Computer Science, Academy of Sciences of Republic of Moldova, Chisinev)",
  note =
                  "\url{http://www.math.md/elrr/}"
}

@Misc{spi1,
  author =	 "Spiegel Online",
  title =	 {{Google își surclasează încă concurența (Google is still leaving
                  everybody behind)}},
  year =	 2009,
  note =       "\url{http://www.spiegel.de/netzwelt/web/0,1518,619398,00.html}"
}

@Misc{pc1,
  title =	 {{Google începe să folosească informații semantice pentru căutare (Google Rolls out Semantic Search
                  Capabilities)}},
  author =	 "Juan Carlos Perez",
  publisher =	 "PCWorld",
  year =	 2009,
  note =
                  "\url{http://www.pcworld.com/businesscenter/article/161869/google_rolls_out_semantic_search_capabilities.html}"
}

@InProceedings{WN,
  author =	 {Dan Tufiş and Ion Radu and Luigi Bozianu and Alexandru Ceauşu and Dan Ştefănescu},
  title =	 {{Romanian Wordnet: Current State, New Applications and Prospects}},
  booktitle =	 {Proceedings of 4th Global WordNet Conference, GWC-2008},
  pages =       {441-452},
  year =	 2008,
}

@Misc{webservicesUrl,
  title =	 {{Servicii Web XML (Xml Web Services)}},
  author =	 "Institutului de Cercetări pentru Inteligența Artificială (Research Institute for Artificial Intelligence)",
  note =
                  "\url{www.racai.ro/WebServices}"
}

@InProceedings{webservicesArt,
  author =	 {Dan Tufiş and Ion Radu and Alexandru Ceauşu and Dan Ştefănescu},
  title =	 {{RACAI’s Linguistic Web Services}},
  booktitle =	 {Proceedings of Language Resources and Evaluation Conference - LREC 2008},
  year =	 2008,
}

@InProceedings{isda,
  author =	 {Diana Trandabăț},
  title =	 {{Mining Romanian Texts for semantic knowledge}},
  booktitle =	 {Proceedings of ISDA 2011},
  address  =   {Cordoba, Spain},
  year =	 2011,
}

@InProceedings{trandabat,
  author =	 {Diana Trandabăț},
  title =	 {{Towards automatic cross-lingual transfer of semantic annotation}},
  booktitle =	 {6e Rencontres Jeunes Chercheurs en Recherche d'Information RJCRI-CORIA 2011},
  year =	 2011,
}

@InProceedings{iftene,
  author =	 {Iftene, A. and Vamanu, L. and Croitoru, C.},
  title =	 {{UAIC at ImageCLEF 2009 Photo Annotation Task}},
  booktitle =	 {C. Peters et al. (Eds.): CLEF 2009, LNCS 6242, Part II (Multilingual Information Access Evaluation Vol. II Multimedia Experiments)},
  pages =       {283-286},
  year =	 2010,
}

@InProceedings{bleu1,
  author =	 {Kishore Papineni and Salim Roukos and Todd Ward and Wei-Jing Zhu},
  title =	 {{BLEU: A Method for Automatic Evaluation of Machine Translation}},
  booktitle =	 {Proceedings of the 40th Annual Meeting of ACL},
  year =	 2002,
  address =	 {Philadelphia, PA},
}

@Misc{munteanu,
  author =	 "Munteanu D.S. and Marcu D.",
  title =	 {{Statistical Machine Translation: An English-Romanian Experiment)}},
  note =          "Tutorial invitat (invited talk)",
  address =    {EUROLAN 2005 Summer School on NLP & HLT: The Multilingual Web: Resources, Technologies, and Prospects, Cluj-Napoca, Romania},
  year =	 2005,
}

@InProceedings{tufisMT,
  author =	 {Dan Tufiş and Alexandru Ceauşu},
  title =	 {{Factored Phrase-Based Statistical Machine Translation}},
  booktitle =	 {Proceedings of the 5th Conference "Speech Technology and Human-Computer Dialogue" - SpeD 2009},
  year =	 2009,
}

@InProceedings{irimia,
  author =	 {Elena Irimia},
  title =	 {{EBMT experiments for the English-Romanian Language Pair}},
  booktitle =	 {International Joint Conference Intelligent Information Systems (IIS 2009)},
  address =    {Kraków, Poland},
  year =	 2009,
}

@misc{cristea1,
  author =	 {Cristea, D., Iftene, A.},
  title =	 {{If you want your talk be fluent, think lazy! Grounding coherence properties of discourse}},
  note =	 {Tutorial invitat (Invited Talk)},
  address =    {University of Sussex},
  year =	 2011,
}

@InProceedings{cristea2,
  author =	 {Cristea, D. and Postolache, O. and Pistol, I.},
  title =	 {{Summarisation through Discourse Structure}},
  booktitle =	 {Computational Linguistics and Intelligent Text Processing, Proceedings of CICLing 2005, LNSC, vol. 3406},
  pages =       {632-644},
  year =	 2005,
}

@InProceedings{trandabatRez,
  author =	 {Trandabăț Diana},
  title =	 {{Using semantic roles to improve summaries}},
  booktitle =	 {Proceedings of the 13th European Workshop on Natural Language Generation ENLG2011},
  pages =       {164-169},
  year =	 2011,
}

@InProceedings{qa,
  author =	 {Iftene, A., Trandabăţ, D., Moruz, A., Pistol, I., Husarciuc, M., Cristea, D.},
  title =	 {{Question Answering on English and Romanian Languages}},
  booktitle =	 {Peters et al. (Eds.): CLEF 2009, LNCS 6241, Part I.},
  pages =       {229-236},
  year =	 2010,
}


@InProceedings{cristea3,
  author =	 {Dan Cristea},
  title =	 {{Steps towards an electronic version of the Tesaurus Dictionary of the Romanian language}},
  booktitle =	 {Proceedings of the IVth National Conference The Academic Days of the Academy of Technical Science of Romania, Agir Publishing House},
  year =	 2009,
}

@Misc{wnURL,
  title =	 {{WordNet, o bază de date lexicală pentru limba engleză (WordNet, a lexical database for English)}},
  author =	 {Universitatea din Princeton (Princeton University)},
  note =
                  "\url{http://wordnet.princeton.edu/}"
}

@Misc{ro_wnURL,
  title =	 {{WordNet-ul românesc (Romanian WordNet browser)}},
  author =	 {Institutului de Cercetări pentru Inteligența Artificială (Research Institute for Artificial Intelligence)},
  note =
                  "\url{http://www.racai.ro/wnbrowser/}"
}

@Misc{sem_dict,
  title =	 {{Dicţionarul semantic bazat pe asociaţii (Semantic dictionary based on associations)}},
  author =	 "Laboratorui e Inginerie a Limbajului Uman, Departamentul de Informatică Aplicată, Facultatea de Informatică, Calculatoare și Microelectronică, Universitatea tehnică a Republicii Moldova (Human Language Engineering Laboratory; Applied Informatics Department; Computers, Informatics and Microelectronics Faculty; Technical University of Moldova)",
  note =
                  "\url{http://lilu.fcim.utm.md/asociere}"
}

@InProceedings{sentiwn,
  author =	 {Baccianella Stefano and Andrea Esuli and Fabrizio Sebastian },
  title =	 {{SENTIWORDNET 3.0: An Enhanced Lexical Resource for Sentiment Analysis and Opinion Mining}},
  booktitle =	 {Proceedings of LREC 2008},
  pages  =      {2200-2204},
  year =	 2008,
}

@InProceedings{sentimatrix,
  author =	 {Gînscă, A. L. and Boroș, E. and Iftene, A. and Trandabăţ, D. and Toader, M. and Corîci, M. and Perez, C. A. and Cristea, D.},
  title =	 {{Sentimatrix - Multilingual Sentiment Analysis Service}},
  booktitle =	 {Proceedings of the 2nd Workshop on Computational Approaches to Subjectivity and Sentiment Analysis (ACL-WASSA2011)},
  address  =      {Portland, Oregon, USA},
  year =	 2011,
}

@InProceedings{senti_md,
  author =	 {Sokolova M. and Bobicev V. },
  title =	 {{Classification of Emotion Words in Russian and Romanian Languages}},
  booktitle =	 {Proceedings of RANLP-2009},
  address  =      {Borovets, Bulgaria},
  year =	 2009,
}

@Misc{wndom,
  title =	 {{Domenii Wordnet (WordNet Domains)}},
  author =	 "Fundazione Bruno Kessler, Unitatea de Cercetare in TLU (HLT Research Unit)",
  note =
                  "\url{http://wndomains.itc.it.}"
}

@Misc{consilr,
  title =	 {{Seria de Ateliere de lucru "Instrumente și resurse lingvistice pentru limba română" (Workshop series on "Instuments and tools for the Romanian language processing")}},
  note =	 "Editura Universității "A.I. Cuza" Iasi"
}

@InProceedings{cristea4,
  author =	 {Dan Cristea},
  title =	 {{Resurse lingvistice în flux continuu (Linguistic resources in a continuous flux)}},
  booktitle =	 {Lucrările Atelierului de lucru "Instrumente și resurse lingvistice pentru limba română" 2010 (Proceedings of  the Workshop "Instuments and tools for the Romanian language processing" 2010)},
  address  =   {Bucharest, Romania},
  year =	 2010,
}

@InProceedings{euro1,
  author =	 {Philipp Koehn and Alexandra Birch and Ralf
                  Steinberger},
  title =	 {{462 Systeme zur maschinellen Übersetzung für Europa
                  (462 Machine Translation Systems for Europe)}},
  booktitle =	 {Proceedings of MT Summit XII},
  year =	 2009,
}


@Book{carstensen-etal1,
  editor = 	 {Kai-Uwe Carstensen and Christian Ebert and Cornelia Ebert and Susanne Jekat and Hagen Langer and Ralf Klabunde},
  title = 	 {{Computerlinguistik und Sprachtechnologie: Eine Einführung}},
  publisher = 	 {Spektrum Akademischer Verlag},
  year = 	 {2009},
}

@Book{jurafsky-martin01,
  author = 	 {Daniel Jurafsky and James H. Martin},
  title = 	 {{Speech and Language Processing (2nd Edition)}},
  publisher = 	 {Prentice Hall},
  year = 	 {2009},
}


@Book{manning-schuetze1,
  author = 	 {Christopher D. Manning and Hinrich Schütze},
  title = 	 {{Foundations of Statistical Natural Language Processing}},
  publisher = 	 {MIT Press},
  year = 	 {1999},
}


@Misc{lt-world1,
  title = 	 {{Language Technology World (LT World)}},
  note =
                  "\url{http://www.lt-world.org/}",
}



@Book{lt-survey1,
  editor = 	 {Ronald Cole and Joseph Mariani and Hans Uszkoreit and Giovanni Battista Varile and Annie Zaenen and Antonio Zampolli},
  title = 	 {{Survey of the State of the Art in Human Language Technology (Studies in Natural Language Processing)}},
  publisher = 	 {Cambridge University Press},
  year = 	 {1998},
}
