@Misc{Meta1,
  author =	{Aljoscha Burchardt and Georg Rehm and Felix Sasaki},
  title =	{{The Future European Multilingual Information Society -- Vision Paper for a Strategic Research Agenda (Societatea informațională europeană multilingvă a viitorului -- Dezvoltarea unei agende strategice de cercetare)}},
  institution = {META-NET},
  year =	2011,
  note =	"\\\url{http://www.meta-net.eu/vision/reports/meta-net-vision-paper.pdf}",
}

@Article{rehm2011,
  author =	 {Georg Rehm and Hans Uszkoreit},
  title =	 {Multilingual {Europe}: {A} challenge for language
                  tech (O Europă multilingvă: O provocare pentru tehnologiile limbajului)},
  journal =	 {MultiLingual},
  year =	 2011,
  volume =	 22,
  number =	 3,
  pages =	 {51--52},
  month =	 {April/May}
}

@Misc{EC1,
  author = "Directorate-General
Information Society \& Media of the European
Commission (Directoratul general pentru Societatea Informațională și Media al Comisiei Europene)",
  title = {{User Language Preferences Online (Prefe\-rințele lingvistice online ale utilizatorilor)}},
  series = "Flash Eurobarometer",
  number = 313,
  year = 2011,
  note =
"\url{http://ec.europa.eu/public_opinion/flash/fl_313_en.pdf}"
}

@Misc{EC2,
  author = "European Commission (Comisia Europeană)",
  title = {{Multilingualism: an Asset
for Europe and a Shared Commitment (Multilingvism: un avantaj pentru Europa și un angajament comun)}},
  year = 2008,
  note =
"\\\url{http://ec.europa.eu/languages/pdf/comm2008_en.pdf}",
}

@Misc{Unesco1,
  title = {{Intersectoral Mid-term Strategy on Languages and Multilingualism (Strategie intersectorială pe termen mediu privind limbile și multilingvismul)}},
  year = 2007,
  address = "Paris",
  author = "Directorate-General of the UNESCO (Directoratul General UNESCO)",
  note =
"\url{http://unesdoc.unesco.org/images/0015/001503/150335e.pdf}",
}

@Misc{EC3,
  title = {{Size of the Language Industry in the EU (Dimensiunile industriei limbajului in UE)}},
  year = 2009,
  address = "Kingston Upon Thames",
  author = "Directorate-General for Translation of the European Commission (Directoratul General pentru Traduceri al Comisiei Europene)",
  note =
"\url{http://ec.europa.eu/dgs/translation/publications/studies}"
}

@Misc{stat1,
  title = {{Anuar statistic 2009 (Statistical Yearbook 2009)}},
  year = 2009,
  author = "Institutul Național de Statistică (National Institute of Statistics)",
  note =
"\url{http://www.insse.ro/cms/files/Anuar statistic/02/02 Populatie_en.pdf}"
}

@Misc{stat2,
  title = {{Bază de date statistică (Statistical database)}},
  year = 2011,
  author = "Biroul Național de Statistică al Republicii Moldova (Bureau of Statistics of the Republic of Moldova)",
  note =
"\url{http://statbank.statistica.md}"
}

@Misc{urlRom_diaspora,
  title = {{Romanian Diaspora (Diaspora românească)}},
  year = 2011,
  author = "Wikipedia",
  note =
"\\\url{http://en.wikipedia.org/wiki/Romanian_diaspora}"
}

@Misc{sala,
  title = {{Enciclopedia limbii române (Encyclopaedia of the Romanian Language)}},
  year = 2006,
  address = "Editura Univers Enciclopedic, București (Univers Enciclopedic Publishing House, Bucharest)",
  author = "Marius Sala - editor",
  note = "ediția a 2-a (2nd Edition)"
}

@Misc{urlEFNIL,
  title = {{Legal framework (Cadru legislativ)}},
  year = 2007,
  author = "European Federation of National Institutions for Language (Federația Europeană a Institutelor Naționale de Limbă)",
  note =
"\\\url{http://www.efnil.org/documents/language-legislation-version-2007/romania}"
}

@Misc{urlILR,
  title = {{Lectorate de limba română (Romanian language programs abroad)}},
  author = "Institutul Limbii Române (Institute for the Romanian Language)",
  note =
"\url{http://www.ilr.ro/plr.php?lmb=1}"
}

@Misc{urlInternetStatsRO,
  title = {{Romania - Internet Usage Stats and Market Report (Statistici privind folosirea internetului și raport al pieței - România)}},
  author = " Miniwatts Marketing Group",
  note =
"\url{http://www.internetworldstats.com/eu/ro.htm}"
}

@Misc{urlInternetStatsEU,
  title = {{Internet Usage in the European Union (Folosirea internetului în Uniunea Europeană)}},
  author = " Miniwatts Marketing Group",
  note =
"\url{http://www.internetworldstats.com/stats9.htm}"
}

@Misc{uniunealat,
  title = {{Limbile şi culturile pe internet (Languages and cultures over the Internet)}},
  author = " Uniunea Latină (Latin Union)",
  note = "\url{http://dtil.unilat.org/LI/2007/index_ro.htm}"
}

@Misc{vintila,
  title = {{Limba română din perspective integrării în Uniunea Europeană (Romanian language from the perspective of its integration in the European Union)}},
  author = " Ioana Vintilă-Rădulescu",
  note =
"\\\url{http://www.unibuc.ro/ro/limba_romn_din_perspectiva_integrrii_europene}"
}

@Article{brancus,
  author = {Grigore Brâncuş},
  title = {{Vocabularul autohton al limbii române (The Autochthone Vocabulary of the Romanian Language)}},
  journal = {Editura Științifică și Tehnică (Scientific and Technical Publishing House)},
  year = 1983,
}

@Article{zar1,
  author = {Jerrold H. Zar},
  title = {{Candidate for a Pullet Surprise}},
  journal = {Journal of Irreproducible Results},
  year = 1994,
  pages = 13,
}

@InProceedings{DIAC,
  author = {Dan Tufiș and Alexandru Ceaușu},
  title = {{DIAC+: A Professional Diacritics Recovering System} (DIAC+: Un sistem profesional de recuperare a diacriticelor)},
  booktitle = {Proceedings of Language Resources and Evaluation Conference – LREC 2008},
  year = 2008,
}

@Misc{elrr,
  title = {{Resurse refolosibile pentru tehnologia limbajului românesc (Reusable Resources for Romanian Language Technology)}},
  author = "Institutul de Matematică şi Informatică and Academia de Ştiințe a Moldovei and Chişinău (Institute of Mathematics and Computer Science and Academy of Sciences of Republic of Moldova and Chisinau)",
  note =
"\\\url{http://www.math.md/elrr/}"
}

@Misc{spi1,
  author = "Spiegel Online",
  title = {{Google zieht weiter davon (Google încă își surclasează concurența)}},
  year = 2009,
  note = "\\\url{http://www.spiegel.de/netzwelt/web/0,1518,619398,00.html}"
}

@Misc{pc1,
  title = {{Google Rolls out Semantic Search Capabilities (Google începe să folosească informații semantice pentru căutare)}},
  author = "Juan Carlos Perez",
  publisher = "PCWorld",
  year = 2009,
  note =
"\url{http://www.pcworld.com/businesscenter/article/161869/google_rolls_out_semantic_search_capabilities.html}"
}

@InProceedings{WN,
  author = {Dan Tufiș and Ion Radu and Luigi Bozianu and Alexandru Ceauşu and Dan Ştefănescu},
  title = {{Romanian Wordnet: Current State, New Applications and Prospects (Wordnet-ul românesc: stadiu actual, aplicații și perspective)}},
  booktitle = {Proceedings of 4th Global WordNet Conference, GWC-2008},
  pages = {441-452},
  year = 2008,
}

@Misc{webservicesUrl,
  title = {{Xml Web Services (Servicii Web XML)}},
  author = "Research Institute for Artificial Intelligence (Institutul de Cercetări pentru Inteligența Artificială)",
  note =
"\url{www.racai.ro/WebServices}"
}

@InProceedings{webservicesArt,
  author = {Dan Tufiș and Ion Radu and Alexandru Ceaușu and Dan Ștefănescu},
  title = {{RACAI’s Linguistic Web Services (Serviciile web lingvistice ale RACAI)}},
  booktitle = {Proceedings of Language Resources and Evaluation Conference - LREC 2008},
  year = 2008,
}

@InProceedings{isda,
  author = {Diana Trandabăț},
  title = {{Mining Romanian Texts for semantic knowledge (Identificarea informațiilor semantice în textele românești)}},
  booktitle = {Proceedings of ISDA 2011},
  address = {Cordoba, Spain},
  year = 2011,
}

@InProceedings{trandabat,
  author = {Diana Trandabăț},
  title = {{Towards automatic cross-lingual transfer of semantic annotation (Transferul automat a adnotării semantice de la o limbă la alta)}},
  booktitle = {6e Rencontres Jeunes Chercheurs en Recherche d'Information RJCRI-CORIA 2011},
  year = 2011,
}

@InProceedings{iftene,
  author = {Adrian Iftene and Loredana Vamanu and Cosmina Croitoru},
  title = {{UAIC at ImageCLEF 2009 Photo Annotation Task (Participarea UAIC la adnotarea de imagini din cadrul ImageCLEF2009)}},
  booktitle = {C. Peters et al. (Eds.): CLEF 2009, LNCS 6242, Part II (Multilingual Information Access Evaluation Vol. II Multimedia Experiments)},
  pages = {283-286},
  year = 2010,
}

@InProceedings{bleu1,
  author = {Kishore Papineni and Salim Roukos and Todd Ward and Wei-Jing Zhu},
  title = {{BLEU: A Method for Automatic Evaluation of Machine Translation (BLEU: O metodă pentru evaluarea automată a traducerii automate)}},
  booktitle = {Proceedings of the 40th Annual Meeting of ACL},
  year = 2002,
  address = {Philadelphia, PA},
}

@Misc{munteanu,
  author = "Daniel Marcu and Dragoș S. Munteanu",
  title = {{Statistical Machine Translation: An English-Romanian Experiment (Traducere automată statistică: un experiment englez-român)}},
  note = "Invited talk",
  address = {EUROLAN 2005 Summer School on NLP & HLT: The Multilingual Web: Resources, Technologies, and Prospects, Cluj-Napoca, Romania},
  year = 2005,
}

@InProceedings{tufisMT,
  author = {Dan Tufiș and Alexandru Ceaușu},
  title = {{Factored Phrase-Based Statistical Machine Translation (Traducere automată statistică bazat pe grupuri factoriale)}},
  booktitle = {Proceedings of the 5th Conference ``Speech Technology and Human-Computer Dialogue'' – SpeD 2009},
  year = 2009,
}

@InProceedings{irimia,
  author = {Elena Irimia},
  title = {{EBMT experiments for the English-Romanian Language Pair (Experimente de EBMT pentru perechea de limbi engleză-română)}},
  booktitle = {International Joint Conference Intelligent Information Systems (IIS 2009)},
  address = {Kraków, Poland},
  year = 2009,
}

@misc{cristea1,
  author = {Dan Cristea and Adrian Iftene},
  title = {{If you want your talk be fluent, think lazy! Grounding coherence properties of discourse (Dacă vrei sa vorbești fluent, gândește leneș! Ancorarea proprietăților anaforei în discurs)}},
  note = {Invited Talk},
  address = {University of Sussex},
  year = 2011,
}

@InProceedings{cristea2,
  author = {Dan Cristea and Oana Postolache and Ionuț Pistol},
  title = {{Summarisation through Discourse Structure (Rezumare folosind structura de discurs)}},
  booktitle = {Computational Linguistics and Intelligent Text Processing, Proceedings of CICLing 2005, LNSC, vol. 3406},
  pages = {632-644},
  year = 2005,
}

@InProceedings{trandabatRez,
  author = {Diana Trandabăț},
  title = {{Using semantic roles to improve summaries (Folosirea rolurilor semantice pentru îmbunătățirea rezumatelor)}},
  booktitle = {Proceedings of the 13th European Workshop on Natural Language Generation ENLG2011},
  pages = {164-169},
  year = 2011,
}

@InProceedings{qa,
  author = {Adrian Iftene and Diana Trandabăț and Alex Moruz and Ionuț Pistol and Maria Husarciuc and Dan Cristea},
  title = {{Question Answering on English and Romanian Languages (Sisteme de Întrebare-Răspuns pentru limbile engleză și română)}},
  booktitle = {Peters et al. (Eds.): CLEF 2009, LNCS 6241, Part I.},
  pages = {229-236},
  year = 2010,
}

@InProceedings{cristea3,
  author = {Dan Cristea},
  title = {{Steps towards an electronic version of the Thesaurus Dictionary of the Romanian language (Spre o versiune electronică a Dicționarului Tezaur al Limbii Române)}},
  booktitle = {Proceedings of the IVth National Conference The Academic Days of the Academy of Technical Science of Romania, Agir Publishing House},
  year = 2009,
}

@Misc{wnURL,
  title = {{WordNet, a lexical database for English (WordNet, o bază de date lexicală pentru limba engleză)}},
  author = {Princeton University (Universitatea din Princeton)},
  note =
"\url{http://wordnet.princeton.edu/}"
}

@Misc{ro_wnURL,
  title = {{WordNet-ul românesc (Romanian WordNet browser)}},
  author = {Institutul de Cercetări pentru Inteligența Artificială (Research Institute for Artificial Intelligence)},
  note =
"\url{http://www.racai.ro/wnbrowser/}"
}

@Misc{sem_dict,
  title = {{Dicţionarul semantic bazat pe asociaţii (Semantic dictionary based on associations)}},
  author = {Laboratorul de Inginerie a Limbajului Uman and Departamentul de Informatică Aplicată and Facultatea de Informatică and Calculatoare și Microelectronică and Universitatea Tehnică a Republicii Moldova (Human Language Engineering Laboratory and Applied Informatics Department and Computers and Informatics and Microelectronics Faculty and Technical University of Moldova)},
  note =
"\url{http://lilu.fcim.utm.md/asociere}"
}

@InProceedings{sentiwn,
  author = {Dan Tufiș and Dan Ștefănescu},
  title = {{Experiments with a Differential Semantics Annotation for Wordnet 3.0 (Experimente cu adnotare semantică diferențială pentru Wordnet 3.0)}},
  booktitle = {Proceedings of the 2nd Workshop on Computational Approaches to Subjectivity and Sentiment Analysis (ACL-WASSA2011)},
  pages = {19-27},
  address = {Portland, Oregon, USA},
  year = 2011,
}

@InProceedings{sentimatrix,
  author = {Alex Lucian Gînscă and Emanuela Boroș and Adrian Iftene and Diana Trandabăț and Mihai Toader and Marius Corîci and Augusto Perez and Dan Cristea},
  title = {{Sentimatrix -- Multilingual Sentiment Analysis Service (Sentimatrix -- un serviciu multilingv de analiză a sentimentelor)}},
  booktitle = {Proceedings of the 2nd Workshop on Computational Approaches to Subjectivity and Sentiment Analysis (ACL-WASSA2011)},
  address = {Portland, Oregon, USA},
  year = 2011,
}

@InProceedings{senti_md,
  author = {Marina Sokolova and Victoria Bobicev}, 
  title = {{Classification of Emotion Words in Russian and Romanian Languages (Clasificarea cuvintelor emoționale în limbile rusă și română)}},
  booktitle = {Proceedings of RANLP-2009},
  address = {Borovets, Bulgaria},
  year = 2009,
}

@Misc{wndom,
  title = {WordNet - Affect},
  author = "Fondazioe Bruno Kessler HLT Research Unit (Fundația Bruno Kessler Unitatea de Cercetare în TLU)",
  note =
"\url{http://wndomains.fbk.eu/wnaffect.html}"
}

@InProceedings{wn-affect,
  author = {Carlo Strapparava and Alessandro Valitutti},
  title = {{WordNet-Affect: an Affective Extension of WordNet (WordNet-Affect: o extensie afectivă a Wordnet-ului)}},
  booktitle = {Proceedings of the 4th International Conference on Language Resources and Evaluation (LREC 2004)},
  address = {Lisbon, Portugal},
  year = 2004,
  pages = {1083-1086}
}

@Misc{consilr,
  title = {{Seria de Ateliere de lucru ``Instrumente și resurse lingvistice pentru limba română'' (Workshop series on "Instruments and Tools for the Romanian Language Processing")}},
  note = "Editura Universității 'A.I. Cuza' Iasi",
}

@InProceedings{cristea4,
  author = {Dan Cristea},
  title = {{Resurse lingvistice în flux continuu (Linguistic resources in a continuous flux – in Romanian)}},
  booktitle = {Lucrările Atelierului de lucru ``Instrumente și resurse lingvistice pentru limba română'' 2010 (Proceedings of the Workshop ``Instruments and Tools for the Romanian Language Processing'' 2010)},
  address = {Bucharest, Romania},
  year = 2010,
}

@InProceedings{euro1,
  author = {Philipp Koehn and Alexandra Birch and Ralf Steinberger},
  title = {{462 Machine Translation Systems for Europe (462 de sisteme de traducere automată pentru Europa)}},
  booktitle = {Proceedings of MT Summit XII},
  year = 2009,
}

@Book{carstensen-etal1,
  editor = {Kai-Uwe Carstensen and Christian Ebert and Cornelia Ebert and Susanne Jekat and Hagen Langer and Ralf Klabunde},
  title = {{Computerlinguistik und Sprachtechnologie: Eine Einführung} (Lingvistică computatională și tehnologia limbajului: o introducere)},
  publisher = {Spektrum Akademischer Verlag},
  year = {2009},
}

@Book{jurafsky-martin01,
  author = {Daniel Jurafsky and James H. Martin},
  title = {{Speech and Language Processing} (Prelucrarea limbajului și a vorbirii)},
  edition = {2nd},
  publisher = {Prentice Hall},
 year = {2009},
}

@Book{manning-schuetze1,
  author = {Christopher D. Manning and Hinrich Schütze},
  title = {{Foundations of Statistical Natural Language Processing} (Fundamentele procesării statistice a limbajului natural)},
  publisher = {MIT Press},
  year = {1999},
}

@Misc{lt-world1,
  title = {{Language Technology World (LT World)}},
  note =
"\url{http://www.lt-world.org/}",
}

@Book{lt-survey1,
  editor = {Ronald Cole and Joseph Mariani and Hans Uszkoreit and Giovanni Battista Varile and Annie Zaenen and Antonio Zampolli},
  title = {{Survey of the State of the Art in Human Language Technology (Privire de ansamblu asupra tehnologiei actuale a limbajului natural)}},
  publisher = {Cambridge University Press},
  year = {1998},
}

@Book{lwpgerman,
  author = {Aljoscha Burchardt and Markus Egg and Kathrin Eichler and Brigitte Krenn and Jörn Kreutel and Annette Leßmöllmann and Georg Rehm and Manfred Stede and Hans Uszkoreit and Martin Volk},
  title =  {{Die Deutsche Sprache im Digitalen Zeitalter -- The German Language in the Digital Age}},
  publisher =  {Springer},
  year =  2012,
  series = {META-NET White Paper Series. Georg Rehm and Hans Uszkoreit (Series Editors)}
}

