@misc{e-ans,
   howpublished="\url{http://www.let.ru.nl/ans/e-ans/index.html }"
}

@misc{Ethn-LN,
    title= "Languages of the Netherlands, Ethnologue",
    howpublished=  "\url{http://www.ethnologue.com/show_country.asp?name=nl}"
}

@misc{Ethn-Dutch,
    title = "Dutch, Ethnologue",
    howpublished =  "\url{http://www.ethnologue.com/show_language.asp?code=nld}"
}

@BOOK{VanderSijs:2005,
  AUTHOR =       {Nicoline van der Sijs},
  editor =       {},
  TITLE =        {Groot Leenwoordenboek},
  PUBLISHER =    {},
  YEAR =         {2005},
  volume =       {},
  number =       {},
  series =       {},
  address =      {Utrecht/Antwerpen},
  edition =      {},
  month =        {},
  note =         {},
  abstract =     {},
  isbn =         {},
  price =        {},
  keywords =     {},
  source =       {},
}





  @misc{CBSStats,
  howpublished="\url{http://statline.cbs.nl/StatWeb/publication/?DM=SLNL&PA=70017&D1=0-4&D2=0&D3=1-2,5&D4=(l-14)-l&VW=T}"
  }

  @misc{MNVision,
  howpublished="\url{http://www.meta-net.eu/vision/reports/meta-net-vision-paper.pdf}"
  }


  @misc{ML,
  howpublished="\url{European Commission, Multilingualism: an asset for Europe and a shared commitment, Brussels, 2008 (http://ec.europa.eu/languages/pdf/comm2008_en.pdf).}"
  }


  @misc{UNESCO,
  howpublished="\url{UNESCO Director-General, Intersectoral mid-term strategy on languages and multilingualism, Paris, 2007 (http://unesdoc.unesco.org/images/0015/001503/150335e.pdf).}"
  }

  @misc{DGT,
  howpublished="\url{European Commission Directorate-General for Translation, Size of the language industry in the EU, Kingston Upon Thames, 2009 (http://ec.europa.eu/dgs/translation/publications/studies).}"
  }

  @misc{CBS,
  howpublished="\url{http://www.cbs.nl/nl-NL/menu/home/default.htm?Languageswitch=on}"
  }

  @misc{GroeneBoekje,
  howpublished="\url{http://nl.wikipedia.org/wiki/Groene_Boekje}"
  }

  @misc{Wittespellers,
  howpublished="\url{http://www.onzetaal.nl/dossier/spelling/wittespellers.php}"
  }

  @misc{Wittespelling,
  howpublished="\url{http://www.onzetaal.nl/advies/wittespelling.php}"
  }

  @misc{Grootdictee,
  howpublished="\url{http://grootdictee.nps.nl/}"
  }

  @misc{STEVIN,
  howpublished="\url{http://taalunieversum.org/taal/technologie/stevin/}"
  }

  @misc{NTU,
  howpublished="\url{http://taalunieversum.org/taalunie/}"
  }

  @misc{OT,
  howpublished="\url{http://www.onzetaal.nl/ot/index.php}"
  }

  @misc{ANV,
  howpublished="\url{http://www.algemeennederlandsverbond.org/}"
  }

  @misc{INL,
  howpublished="\url{http://www.inl.nl/}"
  }

  @misc{MI,
  howpublished="\url{http://www.meertens.knaw.nl/cms/}"
  }

  @misc{HING,
  howpublished="\url{http://www.huygensinstituut.knaw.nl/}"
  }

  @misc{KNAW,
  howpublished="\url{http://www.knaw.nl/}"
  }

  @misc{TST-Centrale,
  howpublished="\url{http://www.inl.nl/tst-centrale}"
  }

  @misc{Kantl,
  howpublished="\url{http://www.kantl.be/}"
  }

  @misc{Dataoecd,
  howpublished="\url{http://www.oecd.org/dataoecd/54/12/46643496.pdf}"
  }

  @misc{NTUOnderwijs,
  howpublished="\url{http://taalunieversum.org/onderwijs/algemeen/}"
  }

  @misc{Vertalingendb,
  howpublished="\url{http://www.nlpvf.nl/vertalingendb/search1.php}"
  }

  @misc{Internetworldstats,
  howpublished="\url{http://www.internetworldstats.com/stats4.htm}"
  }

  @misc{VRIND,
  howpublished="\url{VRIND 2010, p. 188. http://www4.vlaanderen.be/dar/svr/Pages/2010-10-28-vrind2010.aspx}"
  }

  @misc{Wikipedia,
  howpublished="\url{http://meta.wikimedia.org/wiki/List_of_Wikipedias#All_Wikipedias_ordered_by_number_of_articles}"
  }

  @misc{Flash,
  howpublished="\url{http://ec.europa.eu/public_opinion/flash/fl_313_en.pdf}"
  }

  @misc{Webstats,
  howpublished="\url{http://www.webhosting.info/domains/country_stats/NL}"
  }

  @misc{Spiegel,
  howpublished="\url{http://www.spiegel.de/netzwelt/web/0,1518,619398,00.html}"
  }

  @misc{GoogleSem,
  howpublished="\url{ http://www.pcworld.com/businesscenter/article/161869/google_rolls_out_semantic_search_capabilities.html}"
  }


@INPROCEEDINGS{Cucchiarini:etal:2000,
  AUTHOR =       {Catia Cucchiarini and Johan Van Hoorde and Elizabeth D'Halleweyn},
  TITLE =        {{NL}-{T}ranslex: Machine Translation for {D}utch},
  BOOKTITLE =    {Proceedings of LREC 2000},
  YEAR =         {2000},
  editor =       {},
  volume =       {},
  number =       {},
  series =       {},
  pages =        {},
  address =      {},
  month =        {},
  organization = {},
  publisher =    {ELRA},
  note =         {\url{http://www.mt-archive.info/LREC-2000-Cucchiarini.pdf}},
  abstract =     {},
  keywords =     {},
}

@BOOK{Ethnologue:2009,
  AUTHOR =       {},
  editor =       {Lewis, M. Paul},
  TITLE =        {Ethnologue: Languages of the World},
  PUBLISHER =    {SIL International},
  YEAR =         {2009},
  volume =       {},
  number =       {},
  series =       {},
  address =      {Dallas, Texas},
  edition =      {Sixteenth},
  month =        {},
  note =         {Online version \url{http://www.ethnologue.com}},
  abstract =     {},
  isbn =         {},
  price =        {},
  keywords =     {},
  source =       {},
}

@misc{NedWiki:Nederlands,
howpublished = {{N}ederlandse Wikipedia, entry voor {N}ederlands, \url{http://nl.wikipedia.org/wiki/Nederlands}}
}

@misc{NedWiki:Nedersaksisch,
howpublished = {{N}ederlandse Wikipedia, entry voor {N}edersaksisch, \url{http://nl.wikipedia.org/wiki/Nedersaksisch}}
}


@misc{NedWiki:Fries,
howpublished = {{N}ederlandse Wikipedia, entry voor {F}ries (gesproken in {N}ederland), \url{http://nl.wikipedia.org/wiki/Westerlauwers_Fries}}
}

@misc{IWS,
howpublished= {Internet World Stats, Miniwatts Marketing Group },
year = 2010,
url = "http://www.internetworldstats.com"
}


@TECHREPORT{Joscelyne:Lockwood:2003,
  AUTHOR =       {Andrew Joscelyne and Rose Lockwood},
  TITLE =        {Benchmarking HLT progress in Europe, the EUROMAP study},
  INSTITUTION =  {},
  YEAR =         {2--3},
  type =         {Euromap Report},
  number =       {},
  address =      {Copenhagen},
  month =        {},
  note =         {\url{http://www.csc.fi/yhteistyo/tulokset/2003/euromap_report}},
  abstract =     {},
  keywords =     {},
  source =       {},
  url = {http://www.csc.fi/yhteistyo/tulokset/2003/euromap_report}
}

@TECHREPORT{Soria:Mariani:2011,
  AUTHOR =       {Claudia Soria and Joseph Mariani},
  TITLE =        {Report on Existing Projects and Initiatives},
  INSTITUTION =  {},
  YEAR =         {2011},
  type =         {{META-NET} study},
  number =       {},
  address =      {},
  month =        {},
  note =         {},
  abstract =     {},
  keywords =     {},
  source =       {},
}

@misc{TUFenW,
title = "Taalunieversum webpagina over het {N}ederlands: Feitjes en Weetjes",
howpublished = "\url{http://taalunieversum.org/taal/feiten_en_weetjes/}"
}





  @misc{SemEval,
  howpublished="\url{ http://webs.hogent.be/~elef464/lt3_SemEval.html}"
  }

  @misc{IMIX,
  howpublished="\url{ http://www.nwo.nl/imix}"
  }

@UNPUBLISHED{Theune:2003,
  AUTHOR =       {Mari{\"e}t Theune},
  TITLE =        {Natural Language Generation for dialogue: system survey},
  year =         {2003},
  month =        {},
  abstract =     {},
  keywords =     {},
  source =       {},
  note = {\url{http://citeseerx.ist.psu.edu/viewdoc/download?doi=10.1.1.107.3398&rep=rep1&type=pdf}}
}

  @misc{DAESO,
  howpublished="\url{ http://daeso.uvt.nl/}"
  }

  @misc{Orgs,
  howpublished="\url{http://taalunieversum.org/taal/technologie/organisaties/}"
  }

  @misc{NOTAS,
  howpublished="\url{ http://www.notas.nl/}"
  }

  @misc{CLIF,
  howpublished="\url{ http://clif.esat.kuleuven.be/}"
  }

  @misc{CGN,
  howpublished="\url{ http://lands.let.kun.nl/cgn/}"
  }

  @misc{CATCH,
  howpublished="\url{ http://www.nwo.nl/catch}"
  }

  @misc{CLARIN-NL,
  howpublished="\url{http://www.clarin.nl}"
  }

  @misc{LREC,
  howpublished="\url{http://www.lrec-conf.org/}"
  }






@Misc{ Meta1,
	howpublished = "\url{http://www.meta-net.eu/vision/reports/meta-net-vision-paper.pdf}"
}

@Proceedings{ EC1,
	publisher = "European Commission Directorate-General Information Society and Media",
	title = "User language preferences online",
	series = "Flash Eurobarometer",
	number = "313",
	year = "2011",
	note = "\url{http://ec.europa.eu/public_opinion/flash/fl_313_en.pdf}"
}

@Proceedings{ EC2,
	editor = "European Comission",
	title = "Multilingualism: an asset for Europe and a shared commitment",
	year = "2008",
	note = "\url{http://ec.europa.eu/languages/pdf/comm2008_en.pdf}",
	address = "Brussels"
}

@Proceedings{ EC3,
	title = "Size of the language industry in the EU",
	year = "2009",
	address = "Kingston Upon Thames",
	editor = "European Comission - Directorate-General for Translation",
	note = "\url{http://ec.europa.eu/dgs/translation/publications/studies}"
}

@Misc{ Unesco1,
	howpublished = "\url{http://unesdoc.unesco.org/images/0015/001503/150335e.pdf}"
}

@Misc{ Eur1,
	howpublished = "\url{http://ec.europa.eu/dgs/translation/publications/studies}"
}

@Misc{ Eur2,
	howpublished = "\url{http://cdt.europa.eu/EN/whoweare/Pages/OurEUlanguages.aspx}"
}

@Misc{ Goe1,
	howpublished = "\url{http://www.goethe.de/mmo/priv/1459127-STANDARD.pdf}"
}

@Misc{ Cano1,
	howpublished = "\url{http://www.canoo.net/services/GermanSpelling/Reform/fremdwoerter/eindeutschung-lebend.jsp?MenuId=GermanSpellingReform111}"
}

@Book{ Lemni1,
	author = "Lothar Lemnitzer",
	title = "Von Aldianer bis Zauselquote",
	publisher = "Gunter Narr Verlag",
	year = "2007",
	address = {T{\"u}bingen}
}

@Book{ Sick1,
	author = "Bastian Sick",
	title = "Der Dativ ist dem Genitiv sein Tod -- Ein Wegweiser durch den Irrgarten der deutschen Sprache",
	publisher = "Kiepenheuer und Witsch",
	year = "2004",
	address = {K{\"o}ln}
}

@Misc{ Sick2,
	howpublished = "\url{http://www.spiegel.de/thema/zwiebelfisch/}"
}

@Misc{ Efni1,
	howpublished = "\url{http://www.efnil.org/documents/language-legislation-version-2007/germany/germany}"
}

@Misc{ Pisa1,
	note = "\url{http://www.pisa.oecd.org/dataoecd/34/19/46619755.pdf}",
	title = "PISA 2009 Ergebnisse: Zusammenfassung"
}

@Misc{ kmk1,
	note = "\url{http://www.kmk.org/fileadmin/veroeffentlichungen_beschluesse/2003/2003_01_01-Bildungsbericht-erste-Befunde.pdf}"
}

@Misc{ joy1,
	note = "\url{http://userweb.port.ac.uk/~joyce1/abinitio/whygerm7.html}"
}

@Misc{ Ard1,
	note = "\url{http://www.ard-zdf-onlinestudie.de and http://www.statistik.at/web_en/statistics/information_society/ict_usage_in_households/041019.html}"
}

@Misc{ Denic1,
	note = "\url{http://www.denic.de/hintergrund/geschichte-der-denic-eg.html and http://www.ebrandservices.com/welcome-to-e-brand-services,130.html}"
}

@Misc{ leo1,
	note = "\url{http://dict.leo.org}"
}

@Article{ zar1,
	author = "Jerrold H. Zar",
	journal = "Journal of Irreproducible Results",
	title = "Candidate for a Pullet Surprise",
	year = "1994",
	month = "Jan./Feb.",
	pages = "13 (First Verse)"
}

@Misc{ spi1,
	note = "\url{http://www.spiegel.de/netzwelt/web/0,1518,619398,00.html}"
}

@Misc{ pc1,
	note = "\url{http://www.pcworld.com/businesscenter/article/161869/google_rolls_out_semantic_search_capabilities.html}"
}

@Misc{ bleu1,
	author = "K. Papineni and S. Roukos and T. Ward and W.-J. Zhu",
	address = "Philadelphia, PA",
	note = "In Proceedings of the 40th Annual Meeting of ACL",
	title = "BLEU: A Method for Automatic Evaluation of Machine Translation"
}

@Misc{ wie1,
	note = "Based on official university statistics of the Federal Statistical Office in Wiesbaden (29.03.2011)"
}

note = "\url{http://tcstar.org/pubblicazioni/D17_HLT_DE.pdf}"
}

@Misc{ latl1,
	note = "\url{http://www.latl.unige.ch/personal/yvesscherrer/#talks_papers.fr}"
}

author = "Claudia Soria, Joseph Mariani(2011)"

note = "\url{http://www.sms4science.ch/}"
