%1
@Misc{obsemig,
  title =	 {{Observatório da Emigração}},
  note = "Internet, 25/01/2012 - \url{http://www.observatorioemigracao.secomunidades.pt}"
}

%28
@techreport{Meta1,
  author =	 {Aljoscha Burchardt and Georg Rehm and Felix Sasaki},
  title =	 {{The Future European Multilingual Information Society -- Vision
                  Paper for a Strategic Research Agenda}},
  year =	 2011,
  institution = "META-NET",
  note = "Internet, 25/01/2012 - \url{http://www.meta-net.eu/vision/reports/meta-net-vision-paper.pdf}"
}

%44
@Article{EC1,
  title =	 {User language preferences online, Analytical report},
  journal =	 {{Flash Eurobarometer 313}},
  year =	 2011,
  note = "Direção Geral para a Sociedade da Informação e Meios de Comunicação da Comissão Europeia (Directorate-General Information Society \& Media of the European
                  Commission). Internet, 25/01/2012 - \url{http://ec.europa.eu/public_opinion/flash/fl_313_en.pdf}"
}

%33
@manual{EC2,
  title =	 {{ Multilinguismo: uma mais-valia para a Europa e um compromisso comum (Multilingualism: an asset for Europe and a shared commitment)}},
  year =	 2008,
  note = "Comissão das Comunidades Europeias (Commission of the European Communities). Comissão Europeia (European Comission). 
  Internet, 25/01/2012 - \url{http://ec.europa.eu/languages/news/20080918-commission-communication-on-multilingualism_en.htm}"
}

%35
@manual{Unesco1,
  title =	 {{Intersectoral mid-term strategy on languages and multilingualism (Executive Board, Hundred and seventy-sixth session, 176 EX/INF.15 )}},   
  year =	 2007,
  address =	 "Paris",
  note = " UNESCO. Internet, 25/01/2012 - \url{http://unesdoc.unesco.org/images/0015/001503/150335e.pdf}"
}

%34
@techreport{EC3,
  title =	 {{ The size of the language industry in the EU, Studies on translation and multilinguism}},
  year =	 2009,
  author =	 "Adriane Rinsche and Nadia Portera-Zanotti",
  institution = "Comissão Europeia, Direção Geral da Tradução (European Commission, Directorate-General for Translation)",
  address =	 "Language Technology Centre, United Kingdom",
  note =	"Internet, 25/01/2012 - \url{http://ec.europa.eu/dgs/translation/publications/studies}"
}

%47
@Article{zar1,
  author =	 {Jerrold H. Zar},
  title =	 {{Candidate for a Pullet Surprise}},
  journal =	 {The Journal of Irreproducible Results},
  year =	 1994,
  pages =	 13,
}



%26
@Misc{observatorio,
  title =	 {{ Dados Estatísticos - Falantes de Português}},
  note = " Observatório da Língua Portuguesa. Internet, 25/01/2012 - \url{http://observatorio-lp.sapo.pt/pt/dados-estatisticos/falantes-de-portugues}"
}

%17
@book{ethnologue,
  editor =	{M. Paul Lewis},
  title =	 {{Ethnologue: Languages of the World}},
  edition = {Sixteenth},
  year =	 2009,
  note =	"Ethnologue. Internet, 25/01/2012 - \url{http://www.ethnologue.com}"
}

%43
@Misc{stat1,
  title =      {{Demography and Population: International Migration Database}},
  note =		"Organização para a Cooperação e o Desenvolvimento Económico - OCDE 
  (Organisation for Economic Co-operation and Development - OECD). 
  Internet, 25/01/2012 - \url{http://stats.oecd.org}"
}

%2
@Misc{linha,
  title =	 {{Comunidade Lusófona}},
  note = "Portugal em Linha. Internet, 25/01/2012 - \url{http://www.portugal-linha.pt}"
}

%27
@Book{andrade,
  editor =	 "Ernesto d'Andrade and Dulce Pereira and Maria Ant\'{o}nia Mota",
  title =	 {{Crioulos de Base Portuguesa}},
  year =	 1999,
  publisher = {APL},
  address =	 {Lisboa}
}

%3
@Misc{camoes,
  title =	 {{Centro Virtual Camões}},
  note =
                  "Instituto Camões. Internet, 25/01/2012 - \url{http://cvc.instituto-camoes.pt/index.php}"
}

%31
@Article{cintra,
  author =	 "Luís Lindley Cintra ",
  title =	 {{Nova proposta de classificação dos dialectos galego-portugueses}},
  journal = {Boletim de Filologia, 22},
  publisher = {Centro de Estudos Filológicos},
  address =	 {Lisboa},
  year =	 1999,
  pages =    {81-116},
}

%18
@Misc{gulbenkian,
  title =	 {{Programas Gulbenkian - Língua Portuguesa}},
  note = "Fundação Calouste Gulbenkian. Internet, 25/01/2012 - 
                  \url{http://www.gulbenkian.pt/section63artId103langId1.html}"
}

%19
@Misc{gulbenkian2,
  title =	 {{Projecto Gulbenkian - Diversidade Linguística na Escola Portuguesa}},
  note = "Fundação Calouste Gulbenkian. Internet, 25/01/2012 - 
                  \url{http://www.gulbenkian.pt/section54artId483langId1.html}"
}

%4
@Misc{census,
  title =	 {{Censos 2001}},
  note = "Instituto Nacional de Estatística. Internet, 25/01/2012 - 
                  \url{http://censos.ine.pt}"
}


%16 - 
@Misc{camoes2,
  title =	 {{Missão do Instituto Camões}},
  note = "Instituto Camões. Internet, 26/01/2012 - 
			\url{http://www.instituto-camoes.pt/informacao-institucional/quem-somos}"
}

%5 - 
@Misc{stat7,
  title =	 {{Most Used Languages on Twitter}},
  note =
                  "Semiocast. Internet, 17/02/2012 - \url{www.semiocast.com/downloads/Semiocast_Half_of_messages_on_Twitter_are_not_in
_English_20100224.pdf}"
}

%6
@Misc{twtrcon,
  title =	 {{Internet world users by language - Top 10 languages}},
  note =
                  "Internet World Stats. Internet, 25/01/2012 - \url{http://www.internetworldstats.com/stats7.htm}"
}

%7
@Misc{statop20,
  title =	 {{Top 20 countries with the highest number of internet users}},
  note =
                  "Internet World Stats. Internet, 25/01/2012 - \url{http://www.internetworldstats.com/top20.htm}"
}

%9
@Misc{stat4,
  title =	 {{Internet users in Europe}},
  note =
                  "Internet World Stats. Internet, 25/01/2012 - \url{http://www.internetworldstats.com/stats4.htm}"
}

%10
@Misc{stat15,
  title =	 {{Internet users in South America}},
  note =
                  "Internet World Stats. Internet, 25/01/2012 - \url{http://www.internetworldstats.com/stats15.htm}"
}

%8
@Misc{mybroadband,
  author = {{Rudolph Muller}},
  title =	 {{Internet in Brazil booms}},
  note =
                  "Mybroadband. Internet, 25/01/2012 - \url{http://mybroadband.co.za/news/internet/15031-Internet-access-Brazil-booms.html}"
}

%11
@Misc{pordata,
  title =	 {{Pordata - Base de dados Portugal contemporâneo}},
  note =
                  "Pordata. Internet, 25/01/2012 - \url{http://www.pordata.pt}"
}

%12
@Misc{umic,
  title =	 {{Legislação - Acessibilidade a cidadãos com necessidades especiais}},
  note =
                  "UMIC - Agência para a Sociedade do Conhecimento, Ministério da Ciência, Tecnologia e Ensino Superior. 
				  Internet, 25/01/2012 - \url{http://www.umic.pt/index.php?option=com_content&task=view&id=2777&Itemid=40}"
}

%40
@Misc{spi1,
  title =	 {{Top 5 Search Engines}},
  year =	 2012,
  note =
                  "Internet, 17/02/2012 - \url{http://gs.statcounter.com/#search_engine-ww-monthly-201111-201201}"
}

%45
@Misc{pc1,
  title =	 {{Google Rolls out Semantic Search Capabilities}},
  author =	 "Juan Carlos Perez",
  publisher =	 "PCWorld",
  year =	 2009,
  note =
                  "PCWorld. Internet, 26/01/2012 - \url{http://www.pcworld.com/businesscenter/article/161869/google_rolls_out_semantic_search_capabilities.html}"
}

%41 %42
@InProceedings{bleu1,
  author =	 {Kishore Papineni and Salim Roukos and Todd Ward and Wei-Jing Zhu},
  title =	 {{BLEU: A Method for Automatic Evaluation of Machine Translation}},
  booktitle =	 {Proceedings of the 40th Annual Meeting of ACL},
  year =	 2002,
  pages = 	{311-318},
  address =	 {Philadelphia, PA},
}


@InProceedings{branco,
  author =	 {Ant\'{o}nio Branco and Francisco Costa and Filipe Nunes},
  title =	 {{The Processing of Verbal Inflection Ambiguity: Characterization of the Problem Space}},
  booktitle =	 {Actas do XXI Encontro Anual da Associa\c{c}\~{a}o Portuguesa de Lingu\'{i}stica},
  year = 2007,
  pages = {157-168},
}

@Misc{portoeditoraonline,
  title =	 {{Dicion\'{a}rio Online. Porto Editora}},
  note =
                  "Internet, 26/01/2012 - \url{http://www.portoeditora.pt/alp/dol/dicionarios-online}"
}

@Misc{lxcenter,
  title =	 {{LX-Center - Language Resources and Technology for Portuguese}},
  note =
                  "Internet, 26/01/2012 - \url{http://lxcenter.di.fc.ul.pt}"
}

@Misc{xisque,
  title =	 {{XisQu\^{e} - Resposta a Perguntas na Web Portuguesa}},
  note =
                  "Internet, 26/01/2012 - \url{http://xisque.di.fc.ul.pt}"
}

@Misc{multiwordnet,
  title =	 {{MultiWordnet.PT}},
  note =
                  "Internet, 26/01/2012 - \url{http://mwnpt.di.fc.ul.pt}"
}

@Misc{wordnetpt,
  title =	 {{WordNet.PT}},
  note =
                  "Internet, 26/01/2012 - \url{http://www.clul.ul.pt/clg/eng/wordnetpt}"
}

%22
@Misc{aeiou,
  title =	 {{AEIOU - Motor de Busca}},
  note =
                  "Internet, 26/01/2012 - \url{http://www.aeiou.pt}"
}
%25
@Misc{sapo,
  title =	 {{Sapo - Motor de Busca}},
  note =
                  "Internet, 26/01/2012 - \url{http://www.sapo.pt}"
}

%23
@Misc{colossus,
  title =	 {{Colossus - Directory of Search Engines}},
  note =
                  "Internet, 26/01/2012 - \url{http://www.searchenginecolossus.com/Portugal.html}"
}

%21
@Misc{achei,
  title =	 {{Achei - Motor de Busca}},
  note =
                  "Internet, 26/01/2012 - \url{http://www.achei.com.br}"
}

%24
@Misc{busca,
  title =	 {{Gigabusca - Motor de Busca}},
  note =
                  "Internet, 26/01/2012 - \url{http://www.gigabusca.com.br}"
}

%39
@InProceedings{neto,
  author =	 {Nelson Neto and Carlos Patrick and Aldebaro Klautau and Isabel Trancoso},
  title =	 {{Free tools and resources for Brazilian
\newblock Portuguese speech recognition}},
  booktitle =	 {Journal of the Brazilian Computer Society, 17:1},
  year =	 2011,
   pages = 	{53-68},
}

%13
@Misc{cintil,
  title =	 {{Concordanciador CINTIL online (CINTIL online concordancer)}},
  note = 
                  "Universidade de Lisboa. Internet, 26/01/2012 - \url{http://cintil.ul.pt}"
}

%14
@Misc{linguateca,
  title =	 {{Linguateca}},
  note =
                  "Internet, 26/01/2012 - \url{http://www.linguateca.pt}"
}

%15
@Misc{porsimples,
  title =	 {{Simplificação Textual do Português para Inclusão e Acessibilidade Digital}},
  note =
                  "PorSimples. Internet, 26/01/2012 - \url{caravelas.icmc.usp.br/wiki/index.php/English}"
}

%29 
@Book{cardeira,
  author =	 {Esperança Cardeira},
  title =	 {{O Essencial sobre a História do Português}},
  year =	 2006,
  publisher = {Editorial Caminho},
  address =	 {Lisboa}
}

%46
@Book{pinto,
  author =	 {Paulo F. Pinto},
  title =	 {{ Novo Acordo Ortográfico da Língua Portuguesa}},
  year =	 2009,
  publisher = {INCM},
  address =	 {Lisboa}
}

%36
@Book{jurafsky-martin01,
  author = 	 {Daniel Jurafsky and James H. Martin},
  title = 	 {{Speech and Language Processing (2nd Edition)}},
  publisher = 	 {Prentice Hall},
  year = 	 {2009}
}

%38
@Book{manning-schuetze1,
  author = 	 {Christopher D. Manning and Hinrich Schütze},
  title = 	 {{Foundations of Statistical Natural Language Processing}},
  publisher = 	 {MIT Press},
  year = 	 {1999}
}

%20
@Misc{lt-world1,
  title = 	 {{Language Technology World (LT World)}},
  note =
                  "Internet, 27/01/2012 - \url{http://www.lt-world.org/}"
}

%32
@Book{lt-survey1,
  editor = 	 {Ronald Cole and Joseph Mariani and Hans Uszkoreit and Giovanni Battista Varile and Annie Zaenen and Antonio Zampolli},
  title = 	 {{Survey of the State of the Art in Human Language Technology (Studies in Natural Language Processing)}},
  publisher = 	 {Cambridge University Press},
  year = 	 {1998}
}

%37
@InProceedings{euro1,
  author =	 {Philipp Koehn and Alexandra Birch and Ralf Steinberger},
  title =	 {{462 Machine Translation Systems for Europe}},
  booktitle =	 {Proceedings of MT Summit XII},
  year =	 2009
}

@Book{carstensen-etal1,
  editor =    {Kai-Uwe Carstensen and Christian Ebert and Cornelia Ebert and 
                Susanne Jekat and Hagen Langer and Ralf Klabunde},
  title =     {{Computerlinguistik und Sprachtechnologie: Eine Einführung 
                (Computational Linguistics and Language Technology: An 
                Introduction)}},
  publisher = {Spektrum Akademischer Verlag},
  year =      {2009},
}

@Book{lwpgerman,
  author =    {Aljoscha Burchard and Markus Egg and Kathrin Eichler
                and Brigitte Krenn and Jörn Kreutel and Annette
                Leßmöllmann and Georg Rehm and Manfred Stede and
                Hans Uszkoreit and Martin Volk},
  title =     {{Die Deutsche Sprache im Digitalen Zeitalter -- The
                German Language in the Digital Age}},
  publisher = {Springer},
  year =      2012,
  series =    {META-NET White Paper Series. Georg Rehm and Hans 
                Uszkoreit (Series Editors)}
}

@Article{rehm2011,
  author =  {Georg Rehm and Hans Uszkoreit},
  title =   {Multilingual {Europe}: {A} challenge for language tech},
  journal = {MultiLingual},
  year =    2011,
  volume =  22,
  number =  3,
  pages =   {51--52},
  month =   {April/May}
}
