@Misc{Meta1,
 author = {Aljoscha Burchardt and Georg Rehm and Felix Sasaki},
 title = {{The Future European Multilingual Information Society -- Vision Paper for a Strategic Research Agenda (Prihodnost evropske večjezične informacijske družbe -- prispevek k viziji strateškega raziskovalnega načrta)}},
 institution =	 {META-NET},
 year = 2011,
 note = "\url{http://www.meta-net.eu/vision/reports/meta-net-vision-paper.pdf}"
}

@Article{rehm2011,
  author =	 {Georg Rehm and Hans Uszkoreit},
  title =	 {Multilingual {Europe}: {A} challenge for language
                  tech (Večjezična {Evropa}: izziv za jezikovne tehnologije)},
  journal =	 {MultiLingual},
  year =	 2011,
  volume =	 22,
  number =	 3,
  pages =	 {51--52},
  month =	 {April/May}
}

@Misc{EC1,
 author = "Directorate-General Information Society \& Media of the European Commission (Generalni direktorat Evropske komisije - Informacijska družba in mediji)",
 title = {{User Language Preferences Online (Jezikovne izbire uporabnikov spleta)}},
 series = "Flash Eurobarometer",
 number = 313,
 year = 2011,
 note = "\url{http://ec.europa.eu/public_opinion/flash/fl_313_en.pdf}"
}

@Misc{EC2,
 author = "European Commission (Evropska komisija)",
 title = {{Multilingualism: an Asset for Europe and a Shared Commitment (Večjezičnost: evropska prednost in skupna obveza)}},
 year = 2008,
 note = "\url{http://ec.europa.eu/languages/pdf/comm2008_en.pdf}"
}

@Misc{Unesco1,
 title = {{Intersectoral Mid-term Strategy on Languages and Multilingualism (Medodsečna srednjeročna strategija o jezikih in večjezičnosti)}},
 year = 2007,
 address = "Paris",
 author =	"Directorate-General of the UNESCO (Generalni direktorat UNESCA)",
 note = "\url{http://unesdoc.unesco.org/images/0015/001503/150335e.pdf}"
}

@Misc{EC3,
 title =	 {{Size of the Language Industry in the EU (Velikost jezikovne industrije v Evropski uniji)}},
 year =	 2009,
 address =	 "Kingston Upon Thames",
 author =	 "Directorate-General for Translation of the European Commission (Generalni direktorat Evropske komisije - Prevajanje)",
 note = "\url{http://ec.europa.eu/dgs/translation/publications/studies}"
}

@Misc{SURS1,
 title =	 {{Verska, jezikovna in narodna sestava prebivalstva Slovenije -- Popisi 1921--2002} (Religious, linguistic and national structure of the population of Slovenia - Censuses 1921-2002)},
 year =	 2003,
 address =	 "Ljubljana",
 author =	 "Statistični urad Republike Slovenije (Statistical Office of the Republic of Slovenia)",
 note = "\url{http://www.stat.si/popis2002/gradivo/2-169.pdf}"
}

@Misc{ISJFR1,
 title =	{{Slovenski pravopis 2001, Spletna izdaja (Slovene spelling guide 2001, online edition)}},
 year = 2010,
 address = "Ljubljana",
 author = "{Znanstvenoraziskovalni center Slovenske akademije znanosti in umetnosti, Inštitut za slovenski jezik Frana Ramovša (Research Centre of the Slovenian Academy of Sciences and Arts, Fran Ramovš Institute of the Slovenian Language)}",
 note = "\url{http://bos.zrc-sazu.si/sp2001.html}"
}

@Misc{Eurydice1,
 title = {{National system overviews on education systems in Europe, 2011 Edition. (Pregled nacionalnih sistemov izobraževanja v Evropi, izdaja 2011)}},
 year = 2011,
 author = "{Eurydice, European Comission (Eurydice, Evropska komisija)}",
 note = "\url{http://eacea.ec.europa.eu/education/eurydice/documents/eurybase/national_summary_sheets/047_SI_EN.pdf}"
}

@Misc{BK1,
 title =	 {{Bela knjiga o vzgoji in izbraževanju na spletu (White Paper on Education on the web)}},
 year =	 2011,
 address =	 "Ljubljana",
 author =	 "Nacionalna strokovna skupina za pripravo Bele knjige o vzgoji in izobraževanju v RS (The National Specialist Group for the Preparation of the White Paper on Education in the Republic of Slovenia)",
 note = "\url{http://www.belaknjiga2011.si/}"
}

@Misc{SURS2,
 title = {{Adult Education Survey results, Slovenia, 2007 (Izobraževanje odraslih po Anketi o izobraževanju odraslih, Slovenija, 2007)}},
 year = 2010,
 address = "Ljubljana",
 author = "Statistični urad Republike Slovenije (Statistical Office of the Republic of Slovenia)",
 note = "\url{http://www.stat.si/}"
}

@Misc{OECD1,
 title =	 {{OECD Economic Surveys: SLOVENIA, FEBRUARY 2011 OVERVIEW (Ekonomska raziskava OECD: Slovenija, februar 2011, pregled)}},
 year =	 2011,
 address =	 "Ljubljana",
 author =	 "OECD",
 note = "\url{http://www.oecd.org/dataoecd/6/35/47103634.pdf}"
}

@Misc{UradniList1,
 title =	 {{Resolucija o Nacionalnem programu visokega šolstva 2011--2020, Ur.l. RS, št. 41/2011. (Resolution on National programme of higher education 2011--2020)}},
 year =	 2011,
 address =	 "Ljubljana",
 author =	 "Uradni list RS"
}

@Misc{JAKRS1,
 title = {{Javna agencija za knjigo Republike Slovenije (Slovenian Book Agency}},
 note = "\url{http://www.jakrs.si/}"
}

@Misc{CSDTJ1,
 title =	 {{Center za slovenščino kot drugi/tuji jezik (The Centre for Slovene as a Second/Foreign Language)}},
 note = "\url{http://www.centerslo.net/}"
}

@Misc{SURS3,
 title = {{Usage of information-communication technologies in enterprises, detailed data, Slovenia, 2010 -- final data (Uporaba informacijsko - komunikacijske tehnologije v podjetjih, podrobni podatki, Slovenija, 2011 - končni podatki)}},
 year = 2011,
 address = "Ljubljana",
 author = "Statistični urad Republike Slovenije (Statistical Office of the Republic of Slovenia)",
 note = "\url{http://www.stat.si/}"
}

@Misc{Wiki1,
 title = {{Wikipedia metadata}},
 note = "\url{http://meta.wikimedia.org/wiki/List_of_Wikipedias}"
}

@Misc{Wiki2,
 title = {{Wikivir (Wikisource)}},
 note = "\url{http://sl.wikisource.org/wiki/Glavna_stran}"
}

@Misc{Amb1,
 title = {{μBesAna -- črkovalnik (μBesAna spelling checker)}},
 note = "\url{http://www.amebis.si/izdelki/crkovalnik/}"
}

@Misc{Amb2,
 title = {{BesAna -- slovnični pregledovalnik (BesAna grammar checker)}},
 note = "\url{http://besana.amebis.si/}"
}

@Misc{slownet1,
 title = {{Slovene WordNet -- sloWNet}},
 note = "\url{http://lojze.lugos.si/~darja/slownet.html}"
}

@Misc{moss1,
 title = {{MOSS -- merjenje obiskanosti spletnih strani (Online Audience Measurement MOSS)}},
 note = "\url{http://www.moss-soz.si/si/rezultati_moss/obdobje/default.html}"
}

@Misc{Amb3,
 title = {{Govorec -- sintetizator govora (Govorec speech synthesis software)}},
 note = "\url{http://govorec.amebis.si/branje/}, \\\url{http://dis.ijs.si/rtv-govorec/}, \url{http://e-uprava.gov.si/e-uprava/portalStran.euprava?pageid=631}",
}

@Misc{Alp1,
 title = {{Proteus -- sintetizator govora (Proteus speech synthesis software)}},
 note = "\url{http://www.alpineon.com/proteus/test/eng.html}"
}

@Misc{Alp2,
 title = {{Glasovni prevajalnik in poliglot VoiceTRAN (VoiceTRAN Speech-to-Speech Communicator)}},
 note = "\url{http://www.voicetran.org/}, \url{http://www.voicetran.org/flash/index.html}"
}

@Misc{Lab1,
 title = {{Laboratorij za digitalno procesiranje signalov, Univerza v Mariboru (Laboratory for Digital Signal Processing, University of Maribor)}},
 note = "\url{http://www.dsplab.uni-mb.si/}"
}

@InProceedings{Lent1,
 author = {Andrej Žgank and Matej Rojc and Bojan Kotnik and Damjan Vlaj and Mirjam Sepesy Maučec and Tomaž Rotovnik and Zdravko Kačič and Aleksandra Zögling Markuš and Bogomir Horvat},
 title = {{Govorno voden informacijski portal LentInfo -- predhodna analiza rezultatov (Information-Providing System for the Festival Lent Programme)}},
 booktitle = {Language technologies: proceedings of the conference / Information Society Multi-Conference, IS 2002, 14.--15. oktober 2002},
 publisher = "Institut ``Jožef Stefan''",
 year = 2002,
 address = {Ljubljana},
}

@Misc{Kolosej1,
 title = {{M-vstopnica -- sistem dialoga (M-vstopnica dialog system)}},
 note = "\url{http://www.kolosej.si/vstopnice/m-vstopnica/}"
}

@Misc{Amb4,
 title = {{Presis -- prevajalni sistem (Presis translation system)}},
 note = "\url{http://presis.amebis.si/prevajanje/}"
}

@Misc{Amb5,
 title = {{iTranslate4: Internet Translators for all European Languages, ICT Policy Support Programme (iTranslate4: spletni prevajalniki za vse evropske jezike, Program podpora politikam IKT)}},
 note = "\url{http://itranslate4.eu/}"
}

@Misc{ET1,
 title = {{Slovensko-angleški korpus SVEZ-IJS ACQUIS (The SVEZ-IJS English-Slovene ACQUIS Corpus)}},
 note = "\url{http://nl.ijs.si/svez/}"
}

@Misc{Amb6,
 title = {{Amebis (Language Technology Company)}},
 note = "\url{http://www.amebis.si/}"
}

@Misc{Alp3,
 title = {{Alpineon (Language Technology Company)}},
 note = "\url{http://www.alpineon.com/}"
}

@Misc{Troj1,
 title = {{Trojina, zavod za uporabno slovenistiko (Trojina, Institute for Applied Slovene Studies)}},
 note = "\url{http://www.trojina.si/}"
}

%@Misc{Alp4,
% title = {{VoiceTran speech-to-speech communicator}},
% note = "\url{http://www.voicetran.org/flash/index.html}"
%}

@Misc{Fida1,
 title = {{FidaPLUS, referenčni korpus (FidaPLUS reference corpus)}},
 note = "\url{http://www.fidaplus.net/}"
}

@Misc{NB1,
 title = {{Nova beseda, pisni korpus (Nova beseda written corpus)}},
 note = "\url{http://bos.zrc-sazu.si/}"
}

@Misc{JOS1,
 title = {{Projekt JOS: jezikoslovno označevanje slovenskega jezika (Project JOS: Linguistic Annotation of Slovene)}},
 note = "\url{http://nl.ijs.si/jos/}"
}

@Misc{Slo1,
 title = {{Projekt "Sporazumevanje v slovenskem jeziku" (Project ``Communication in Slovene'')}},
 note = "\url{http://www.slovenscina.eu/}"
}

@Misc{Ailab1,
 title = {{Laboratorij za umetno inteligenco, Institut ``Jožef Stefan'' (Artificial Intelligence Laboratory, ``Jožef Stefan'' Institute)}},
 note = "\url{http://ailab.ijs.si/}"
}

@Misc{Amb7,
 title = {{Klepec -- klepetalnik (Klepec chatbot system)}},
 note = "\url{http://klepec.amebis.si/}"
}

@Misc{Chat1,
 title = {{Virtualni pomočniki (Virtual Assistents)}},
 note = "\url{http://www.durs.gov.si/si/vida/vida}, \url{http://www.siol.net/storitve/tia.aspx}",
}

@Misc{SDJT1,
 title = {{Slovensko društvo za jezikovne tehnologije (The Slovenian Language Technologies Society)}},
 note = "\url{http://www.sdjt.si/}, \url{http://www.sdjt.si/konference.html}",
}

@Misc{Jota1,
 title = {{JOTA: Jezikovnotehnološki abonma (JOTA language technology lecture series)}},
 note = "\url{http://lojze.lugos.si/jota/}"
}

@Misc{ESSLLI1,
 title = {{European Summer School in Logic, Language and Information 2011, Ljubljana, Slovenia}},
 note = "\url{http://esslli2011.ijs.si/}"
}

@Misc{expert1,
 title = {{Contributors: Dr. Darja Fišer, University of Ljubljana, Faculty of Arts and Dr. Tomaž Erjavec, ``Jožef Stefan'' Institute and Dr. Simon Krek, Amebis, d.o.o. Kamnik, ``Jožef Stefan'' Institute and Dr. Špela Vintar, University of Ljubljana, Faculty of Arts and Dr. Jerneja Žganec Gros, Alpineon d.o.o.}}
}

@Article{zar1,
 author =	{Jerrold H. Zar},
 title =	{{Candidate for a Pullet Surprise}},
 journal = {Journal of Irreproducible Results},
 year =	1994,
 pages = 13,
}

@Misc{pc1,
 title = {{Google Rolls out Semantic Search Capabilities (Google objavlja možnost semantičnega iskanja)}},
 author = "Juan Carlos Perez",
 publisher = "PCWorld",
 year = 2009,
 note = "\url{http://www.pcworld.com/businesscenter/article/161869/google_rolls_out_semantic_search_capabilities.html}"
}

@InProceedings{bleu1,
 author = {Kishore Papineni and Salim Roukos and Todd Ward and Wei-Jing Zhu},
 title = {{BLEU: A Method for Automatic Evaluation of Machine Translation (BLEU: metoda za avtomatsko evalvacijo strojnega prevajanja)}},
 booktitle = {Proceedings of the 40th Annual Meeting of ACL},
 year = 2002,
 address = {Philadelphia, PA},
}

@InProceedings{euro1,
 author = {Philipp Koehn and Alexandra Birch and Ralf Steinberger},
 title = {{462 Machine Translation Systems for Europe (462 sistemov strojnega prevajanja za Evropo)}},
 booktitle = {Proceedings of MT Summit XII},
 year =	 2009,
}


@Book{carstensen-etal1,
 editor = {Kai-Uwe Carstensen and Christian Ebert and Cornelia Ebert and Susanne Jekat and Hagen Langer and Ralf Klabunde},
 title = {{Computerlinguistik und Sprachtechnologie: Eine Einführung (Računalniško jezikoslovje in govorne tehnologije: uvod)}},
 publisher = {Spektrum Akademischer Verlag},
 year = {2009},
}

@Book{jurafsky-martin01,
 author = {Daniel Jurafsky and James H. Martin},
 title = {{Speech and Language Processing (2nd Edition) (Obdelava govora in jezika)}},
 publisher = {Prentice Hall},
 year = {2009},
}

@Book{manning-schuetze1,
 author = {Christopher D. Manning and Hinrich Schütze},
 title = {{Foundations of Statistical Natural Language Processing (Osnove statistične obdelave naravnega jezika)}},
 publisher = {MIT Press},
 year = {1999},
}

@Misc{lt-world1,
 title = {{Language Technology World (LT World, jezikovnotehnološki spletni portal)}},
 note = "\url{http://www.lt-world.org/}",
}

@Book{lt-survey1,
 editor = {Ronald Cole and Joseph Mariani and Hans Uszkoreit and Giovanni Battista Varile and Annie Zaenen and Antonio Zampolli},
 title = {{Survey of the State of the Art in Human Language Technology (Studies in Natural Language Processing)}},
 publisher = {Cambridge University Press},
 year = {1998},
}

@Book{lwpgerman,
  author = {Aljoscha Burchard and Markus Egg and Kathrin Eichler and Brigitte Krenn and Jörn Kreutel and Annette Leßmöllmann and Georg Rehm and Manfred Stede and Hans Uszkoreit and Martin Volk},
  title =  {{Die Deutsche Sprache im Digitalen Zeitalter -- The German Language in the Digital Age}},
  publisher =  {Springer},
  year =  2012,
  series = {META-NET White Paper Series. Georg Rehm and Hans Uszkoreit (Series Editors)}
}

@Misc{spi1,
  author =	 "Spiegel Online",
  title =	 {{Google zieht weiter davon (Google is still leaving
                  everybody behind)}},
  year =	 2009,
  note =
                  "\url{http://www.spiegel.de/netzwelt/web/0,1518,619398,00.html}"
}
