@InProceedings{euro1,
  author = {Philipp Koehn and Alexandra Birch and Ralf
                  Steinberger},
  title = {{462 Machine Translation Systems for Europe (462
                  Itzulpen automatikoko sistema Europarako)}},
  booktitle = {Proceedings of MT Summit XII},
  year = 2009,
}

@Article{rehm2011,
  author = {Georg Rehm and Hans Uszkoreit},
  title = {Multilingual {Europe}: {A} challenge for language
                  tech ({E}uropa hizkuntza anitza: erronka hizkuntza-teknologientzat)},
  journal = {MultiLingual},
  year = 2011,
  volume = 22,
  number = 3,
  pages = {51--52},
  month = {April/May}
}

@Book{lwpgerman,
  author = {Aljoscha Burchard and Markus Egg and Kathrin Eichler and Brigitte Krenn and J\"orn Kreutel and Annette Le$\beta$m\"ollmann and Georg Rehm and Manfred Stede and Hans Uszkoreit and Martin Volk},
  title = {{Die Deutsche Sprache im Digitalen Zeitalter -- The German Language in the Digital Age (Alemaniera Aro Digitalean)}},
  publisher = {Springer},
  year = 2012,
  series = {META-NET White Paper Series. Georg Rehm and Hans Uszkoreit (Series Editors)}
}

@misc{Meta1,
   howpublished={\url{http://www.meta-net.eu/vision/reports/meta-net-vision-paper.pdf}}
}

@misc{BAS-Nota1,
      author= "European Commission Directorate-General Information Society and Media",
      title= "User language preferences online",
      publisher ="Flash Eurobarometer # 313",
      year = 2011,
      howpublished = {\url{http://ec.europa.eu/public_opinion/flash/fl_313_en.pdf}}
}

@misc{BAS-Nota2,
      author= "European Commission",
      title= "Multilingualism: an asset for Europe and a shared commitment",
      publisher ="Brussels",
      year = 2008,
      howpublished = {\url{http://ec.europa.eu/education/languages/pdf/com/2008_0566_en.pdf}}
}

@misc{BAS-Nota3,
      author="UNESCO - Director General",
      title ="Intersectoral mid-term strategy on languages and multilingualism",
      publisher = "Paris",
      year = 2007,
      howpublished = {\url{http://unesdoc.unesco.org/images/0015/001503/150335e.pdf}}
}

@misc{BAS-Nota4,
      author = "European Commission Directorate-General for Translation",
      title = "Size of the language industry in the EU",
      publisher ="Kingston Upon Thames",
      year= 2009,
      howpublished = {\url{http://ec.europa.eu/dgs/translation/publications/studies}}
}

@misc{BAS-Nota5,
     howpublished= {\url{http://www.unesco.org/en/languages-and-multilingualism/}}
}

@misc{BAS-Nota6,
     howpublished= {\url{http://en.eustat.es}}
}
@misc{BAS-Nota7,
     howpublished= {\url{http://www.euskaltzaindia.net/index.php?option=com_content&Itemid=1&id=18&lang=en&layout=blog&view=section}}
}
@misc{BAS-Nota8,
     author="IXA Group",
     title= "Automatic morphological analysis of Basque",
     publisher = "Literary & Linguistic Computing, vol 11 num 4 pp. 193-203",
     year=1996,
     howpublished= {\url{http://ixa.si.ehu.es/ixa}}
}
@misc{BAS-Nota9,
     author="Koldo Zuazo",
     title="Euskararen sendabelarrak",
     year=2000,
     publisher = "Alberdania",
}

@misc{BAS-Nota10,
     howpublished= {\url{http://www.langune.com/home?set_language=en}}
}
@misc{BAS-Nota11,
     howpublished= {\url{http://www.mintzaira.fr}}
}
@misc{BAS-Nota12,
     howpublished= {\url{http://www.isei-ivei.net/cast/pub/pisa2009/PISA2009-EUSKADI-1INFORME.pdf}}
}
@misc{BAS-Nota13,
     howpublished= {\url{https://ixa.si.ehu.es/master/en}}
}
@misc{BAS-Nota14,
     howpublished= {\url{http://www.euskaletxeak.net/i}}
}
@misc{BAS-Nota15,
     howpublished= {\url{http://ec.europa.eu/education/languages/languages-of-europe/doc139_en.htm}}
}
@misc{BAS-Nota16,
     howpublished= {\url{http://en.eustat.es/estadisticas/opt_0/id_118/ti_Information_Society/subarbol.html#axzz1LTNljBpS}}
}
@misc{BAS-Nota17,
     howpublished= {\url{http://www.euskara.euskadi.net/r59-20660/eu/contenidos/informacion/euskarazko_softwarea/eu_9567/aurkib.html}}
}
@misc{BAS-Nota18,
     howpublished= {\url{http://softkat.ueu.org/}}
}
@misc{BAS-Nota19,
     howpublished= {\url{http://aclweb.org/aclwiki/index.php?title=Resources_for_Basque}}
}
@misc{BAS-Nota20,
     howpublished= {\url{http://www.hiztegia.net/}}
}
@misc{BAS-Nota21,
     howpublished= {\url{http://www.nolaerran.org}}
}
@misc{BAS-Nota22,
     howpublished= {\url{http://euskalbar.eu/}}
}
@misc{BAS-Nota22b,
     howpublished= {\url{http://www.ei.ehu.es}}
}
@misc{BAS-Nota23,
     howpublished= {\url{http://www.puntueus.org/en/}}
}
@misc{BAS-Nota24,
     howpublished= {\url{http://www.xuxen.com}}
}
@misc{BAS-Nota25,
     howpublished= {\url{http://hizkia.pagesperso-orange.fr}}
}
@misc{BAS-Nota26,
     howpublished= {\url{http://www.uzei.com}}
}
@misc{BAS-Nota27,
     howpublished= {\url{http://www.spiegel.de/netzwelt/web/0,1518,619398,00.html}}
}
@misc{BAS-Nota28,
     howpublished= {\url{http://www.pcworld.com/businesscenter/article/161869/google_rolls_out_semantic_search_capabilities.html}}
}
@misc{BAS-Nota29,
     title="Verbio",
     howpublished= {\url{http://www.verbio.com}}
}
@misc{BAS-Nota30,
     title="Indisys",
     howpublished= {\url{http://www.indisys.es/default.aspx}}
}

@misc{BAS-Nota31,
     howpublished= {\url{http://www.fonetic.es/}}
}

@misc{BAS-Nota32,
     howpublished= {\url{http://www.ydilo.com/esp/index.php}}
}
@misc{BAS-Nota33,
     howpublished= {\url{http://www.naturalvox.com/}}
}
@misc{BAS-Nota34,
     howpublished= {\url{http://aholab.ehu.es/tts}}
}
@misc{BAS-Nota35,
     howpublished= {\url{http://www.lucysoftware.com/}}
}
@misc{BAS-Nota36,
     howpublished= {\url{http://www.rthabla.es}}
}
@misc{BAS-Nota37,
     title="BerbaTek",
     howpublished= {\url{http://www.berbatek.com}}
}


