@misc{Meta1,
  author =	 {Aljoscha Burchardt and Georg Rehm and Felix Sasaki},
  title =	 {{The Future European Multilingual Information
                  Society -- Vision Paper for a Strategic Research
                  Agenda}},
  institution =	 {META-NET},
  year =	 2011,
  note ="\url{http://www.meta-net.eu/vision/reports/meta-net-vision-paper.pdf}",
}

@misc{CAT-omniumcultural,
      title = {{Òmnium Cultural }},
      howpublished = {\url{http://www.omnium.cat}}
}

@misc{CAT-CCMA,
      title = {{Corporació Catalana de Mitjans Audiovisuals (Catalan Corporation of Media)}},
      howpublished = {\url{http://www.ccma.cat}}
}

@misc{CAT-TERMCAT,
      title = {{TERMCAT: Centre de terminologia catalana (TERMCAT: Centre for terminology in the Catalan language)}},
      howpublished = {\url{http://www.termcat.cat}}
}

@misc{CAT-estatut,
      title = {{Estatut d'Autonomia de Catalunya (Statute of Autonomy of Catalonia)}},
      year  = 2006,
      institution = {{ Generalitat de Catalunya (Generalitat of Catalonia)}},
      howpublished = {\url{http://www.gencat.cat/generalitat/cat/estatut}}
}

@misc{CAT-IEC,
      title = {{Institut d'Estudis Catalans (Institute for Catalan Studies)}},
      howpublished = {\url{http://www.iec.cat}}
}

@misc{CAT-enciclopedia,
      title = {{L'Enciclopèdia Catalana (The Catalan Encyclopedia)}},
      howpublished = {\url{http://www.enciclopedia.cat}}
}
@misc{CAT-llull,
      title = {{Institut Ramon Llull (Ramon Llull Institute)}},
      howpublished = {\url{http://www.llull.cat}}
}
@misc{CAT-cpnl,
      title = {{Consorci per la normalizació lingüística (Consortium for Linguistic Normalisation)}},
      howpublished = {\url{http://www.cpnl.cat}}
}

@misc{CAT-inbenta,
      title = {{Inbenta}},
      howpublished = {\url{http://www.inbenta.com}}
}

@misc{CAT-rightnow,
      title = {{RightNow}},
      howpublished = {\url{http://www.q-go.es}}
}

@misc{CAT-cercadors,
      title = {{Cercadors enfocats al catal\`a (Catalan focused search engines)}},
      howpublished = {\url{http://www.cercat.cat}, \url{http://som-hi.com}}
}

@misc{CAT-Resum-sobre-cercadors,
      title={{El català a la xarxa: Història i raons d'un cas d'èxit (The Catalan 
             Language on the World Wide Web: The background and reasons for its success)}},
      author="Vicent Partal",
      howpublished = {\url{http://www.gencat.cat/diue/doc_un/cis02_partal_uk.pdf}}
}

@misc{CAT-Nota1,
  author =	 "Directorate-General Information Society \& Media of
                  the European Commission",
  title =	 {{User Language Preferences Online (Les preferències de llengua dels usuaris a la xarxa)}},
  series =	 "Flash Eurobarometer (Eurobaròmetre Flash)",
  number =	 313,
  year =	 2011,
  note = "\url{http://ec.europa.eu/public_opinion/flash/fl_313_en.pdf}"
}

@misc{CAT-Nota2,
 author =	 "European Commission (Comissió Europea)",
  title =	 {{Multilingualism: an Asset for Europe and a Shared
                  Commitment (Multilingüisme: un avantatge per a Europa i un compromís compartit) }},
  year =	 2008,
  note = "\url{http://ec.europa.eu/languages/pdf/comm2008_en.pdf}",
}

@misc{CAT-Nota3,
      author="UNESCO - Director General",
      title ="Intersectoral mid-term strategy on languages and multilingualism",
      publisher = "Paris",
      year = 2007,
      howpublished = {\url{http://unesdoc.unesco.org/images/0015/001503/150335e.pdf}}
}

@misc{CAT-Nota4,
  title =	 {{Intersectoral Mid-term Strategy on Languages and
                  Multilingualism (Estratègia intersectorial a mig termini sobre les llengües i el multilingüisme)}},
  year =	 2007,
  address =	 "Paris",
  author =	 "Directorate-General of the UNESCO (Directorat general de la UNESCO)",
  note ="\url{http://unesdoc.unesco.org/images/0015/001503/150335e.pdf}",
}

@misc{CAT-Nota5,
     title = {{The Network of European Language Planning Boards}},
     howpublished= {\url{http://www.languageplanning.eu}}
}

@misc{CAT-Nota6,
     title= {{La Bressola}},
     howpublished= {\url{http://www.bressola.cat}}
}
@misc{CAT-Nota7,
     title= {{The PISA 2009 profiles by country/economy (Els perfils de l'informe PISA 2009 per país/economia)}}, 
     howpublished= {\url{http://stats.oecd.org/PISA2009Profiles/}}
}
@misc{CAT-Nota8,
     title= {{The Mercator Network (La xarxa Mercator)}},
     howpublished= {\url{http://www.mercator-central.org/}}
}
@misc{CAT-Nota9,
     title= {{Lingu@net worldwide}},
     howpublished= {\url{http://www.linguanet-europa.org/plus/ca/home.jsp}}
}
@misc{CAT-Nota10,
     title= {{Erasmus Programme to finance intensive language courses for Erasmus students in Basque, Catalan and Galician (Programa Erasmus per finançar cursos de llengua intensius per estudiants Erasmus en basc, català i gallec)}},
     institution= "European Comission",
     year= 2009,
     howpublished= {\url{http://ec.europa.eu/education/news/news1518_en.htm}}
}
@misc{CAT-Nota11,
     title= {{Learning Catalan in the Universities of the world (Aprendre català a les universitats d'arreu del món)}},
     institution= "Institut Ramon Llull (Ramon Llull Institute)", 
     howpublished= {\url{http://www.llull.cat/_eng/_cultura/cultura_catalana_mapa.shtml?seccio=cultura&subseccio=mapa}}
}
@misc{CAT-Nota12,
     title= {{Institut Ramon Llull (Ramon Llull Institute)}}, 
     howpublished= {\url{http://www.llull.cat/_eng/_home/index.cfm?seccio=inici&ampsubseccio=1}}
}
@misc{CAT-Nota13,
     title= {{ Fira del Llibre de Frankfurt 2007 (2007 Frankfurt Book Fair)}},
     howpublished= {\url{http://www.frankfurt2007.cat/}}
}
@misc{CAT-Nota14,
     title = {{ Catalan Days (Arts, Music and Literature from Catalonia and the Balearic Islands)}},
     institution = {{Institut Ramon Llull (Ramon Llull Institute)}},
     howpublished= {\url{http://www.llull.cat/catalandays/}}
}
@misc{CAT-Nota15,
     title= {{Expolangues 2010 (Language Exposition 2010)}},
     howpublished= {\url{http://www.llull.cat/monografics/EXPOLANGUEs/index.cfm}}
}
@misc{CAT-Nota16,
     title= {{El PEN català (The Catalan PEN)}},
     howpublished= {\url{http://www.pencatala.cat}}
}
@book{CAT-Nota17,
	title = {{Ethnologue: languages of the world (Ethnologue: idiomes del món)}},
	publisher = {{SIL} International},
	author = {Linguistics, Summer Institute of},
	year = {2005},
     howpublished= {\url{http://www.ethnologue.com/ethno_docs/distribution.asp?by=size}}
}

@misc{CAT-Nota18,
     title= {{Webmàsters Independents en Català
de Cultura i d'Àmbits Cívics (Catalan Independent Webmasters of Culture and Civic areas)}},
     howpublished= {\url{http://wiccac.cat}}
}
@misc{CAT-Nota19,
     title= {{Navega en català (Catalan surfing)}},
     howpublished= {\url{http://www.navegaencatala.cat}}
}
@misc{CAT-Nota20,
     title= {{Fundació puntCAT (puntCAT foundation)}},
     howpublished= {\url{http://www.domini.cat}}
}
@misc{CAT-Nota21,
     title = {{SoftCatalà}},
     howpublished= {\url{http://www.softcatala.org}}
}
@misc{CAT-Nota22,
  author =	 "Spiegel Online",
  title =	 {{Google is still leaving everybody behind}},
  year =	 2009,
  note =
                  "\url{http://www.spiegel.de/netzwelt/web/0,1518,619398,00.html}"
}
@misc{CAT-Nota23,
  title =	 {{Google Rolls out Semantic Search Capabilities}},
  author =	 "Juan Carlos Perez",
  publisher =	 "PCWorld",
  year =	 2009,
  note =
                  "\url{http://www.pcworld.com/businesscenter/article/161869/google_rolls_out_semantic_search_capabilities.html}",
}
@misc{CAT-Nota24,
     title={{ Catalan Wordnet database}},
     author={{Natural Language Processing Group at TALP Research Center} and {Corpus Linguistics group at Computation and Language Center}},
     institution = {{Universitat Politècnica de Catalunya and Universitat de Barcelona }},
     howpublished= {\url{http://nlp.lsi.upc.edu/web/index.php?option=com_docman&Itemid=135}}
}
@misc{CAT-Nota25,
     title= {{Verbio Speech Technologies}},
     howpublished= {\url{http://www.verbio.com}}
}
@misc{CAT-Nota26,
     title= {{Indisys: Intelligent Dialogue Systems (Indisys: Sistemes de diàleg intel·ligent)}},
     howpublished= {\url{http://www.indisys.es}}
}
@misc{CAT-Nota27,
     title= {{Fonetic}},
     howpublished= {\url{http://www.fonetic.es}}
}
@misc{CAT-Nota28,
     title= {{Ydilo}},
     howpublished= {\url{http://www.ydilo.com/ing}}
}
@misc{CAT-Nota29,
     title = {{Natural Vox}},
     howpublished= {\url{http://www.naturalvox.com}}
}
@misc{CAT-Nota30,
     title ={{ Clarin-Cat-Lab: Laboratori Virtual (Clarin-Cat-Lab: Virtual Laboratory)}},
     howpublished= {\url{http://clarin-cat-lab.org}}
}

@misc{CAT-transducens,
     title={{Grup de Recerca Transducens (Transducens Research Grup)}},
     institution = {{Universitat d'Alacant (Alacant University)}},
     howpublished={\url{http://transducens.dlsi.ua.es}}
}

@misc{CAT-UnivAlacant,
     title={{Universitat d'Alacant (Alacant University)}},
     howpublished={\url{http://www.ua.es/}}
}

@Article{rehm2011,
  author =	 {Georg Rehm and Hans Uszkoreit},
  title =	 {Multilingual {Europe}: {A} challenge for language
                  tech (Europa Multilingüe: Un repte per les tecnologies del llenguatge)},
  journal =	 {MultiLingual},
  year =	 2011,
  volume =	 22,
  number =	 3,
  pages =	 {51--52},
  month =	 {April/May}
}


@Book{jurafsky-martin01,
  author =	 {Daniel Jurafsky and James H. Martin},
  title =	 {{Speech and Language Processing} (Processat automàtic del llenguatge i la parla)},
  edition =	 {2nd},
  publisher =	 {Prentice Hall},
  year =	 2009,
}


@Book{manning-schuetze1,
  author =	 {Christopher D. Manning and Hinrich Schütze},
  title =	 {{Foundations of Statistical Natural Language
                  Processing} ({Fonaments estadístics del processat natural del llenguatge})},
  publisher =	 {MIT Press},
  year =	 1999,
}

@Misc{lt-world1,
  title = 	 {{Language Technology World (El món de les tecnologies del llenguatge)}},
  note = "\url{http://www.lt-world.org}",
}



@Book{lt-survey1,
  editor =	 {Ronald Cole and Joseph Mariani and Hans Uszkoreit
                  and Giovanni Battista Varile and Annie Zaenen and
                  Antonio Zampolli},
  title =	 {{Survey of the State of the Art in Human Language
                  Technology} ({Enquesta sobre l'estat de l'art en les tecnologies humanes del llenguatge})},
  publisher =	 {Cambridge University Press},
  year =	 {1998},
}

@InProceedings{euro1,
  author =	 {Philipp Koehn and Alexandra Birch and Ralf
                  Steinberger},
  title =	 {{462 Machine Translation Systems for Europe (462
                  sistemes de traducció automàtica per Europa)}},
  booktitle =	 {Proceedings of MT Summit XII},
  year =	 2009,
}
@InProceedings{bleu1,
  author =	 {Kishore Papineni and Salim Roukos and Todd Ward and
                  Wei-Jing Zhu},
  title =	 {{BLEU: A Method for Automatic Evaluation of Machine
                  Translation (BLEU: Un mètode per avaluar automàticament la traducció automàtica)}},
  booktitle =	 {Proceedings of the 40th Annual Meeting of ACL},
  year =	 2002,
  address =	 {Philadelphia, PA},
}

@Book{lwpgerman,
  author =      {Aljoscha Burchard and Markus Egg and Kathrin Eichler and Brigitte Krenn and Jörn Kreutel and Annette Leßmöllmann and Georg Rehm and Manfred Stede and Hans Uszkoreit and Martin Volk},
  title =  {{Die Deutsche Sprache im Digitalen Zeitalter -- The German Language in the Digital Age (La llengua alemanya a l'era digital)}},
  publisher =   {Springer},
  year =         2012,
  series = {META-NET White Paper Series. Georg Rehm and Hans Uszkoreit (Series Editors)}
}
