@misc{Meta1,
    title="META-NET Vision Paper",
    howpublished={\url{http://www.meta-net.eu/vision/reports/meta-net-vision-paper.pdf}}
}

@misc{CAT-omniumcultural,
      title = "Òmnium cultural",
      howpublished = {\url{http://www.omnium.cat}}
}

@misc{CAT-CCMA,
      title = "Corporació Catalana de Mitjans Audiovisuals",
      howpublished = {\url{http://www.ccma.cat}}
}

@misc{CAT-TERMCAT,
      title = "TERMCAT: Centre de terminologia catalana",
      howpublished = {\url{http://www.termcat.cat}}
}

@misc{CAT-estatut,
      title = "Estatut d'Autonomia de Catalunya",
      howpublished = {\url{http://www.gencat.cat/generalitat/cat/estatut}}
}

@misc{CAT-IEC,
      title = "Institut d'Estudis Catalans",
      howpublished = {\url{http://www.iec.cat}}
}

@misc{CAT-enciclopedia,
      title = "L'Enciclopèdia Catalana",
      howpublished = {\url{http://www.enciclopedia.cat}}
}
@misc{CAT-llull,
      title = "Institut Ramon Llull",
      howpublished = {\url{http://www.llull.cat}}
}
@misc{CAT-cpnl,
      title = "Consorci per la normalizació lingüística",
      howpublished = {\url{http://www.cpnl.cat}}
}
@misc{CAT-inbenta,
      title = "Inbenta",
      howpublished = {\url{http://www.inbenta.com}}
}

@misc{CAT-rightnow,
      title = "RightNow",
      howpublished = {\url{http://www.q-go.es}}
}

@misc{CAT-cercadors,
      title = "Cercadors enfocats al català",
      howpublished = {\url{http://www.cercat.cat}, \url{http://som-hi.com}}
}

@misc{CAT-Resum-sobre-cercadors,
      title="The Catalan Language on the World Wide Web: The background and reasons for its success",
      author="Vicent Partal",
      howpublished = {\url{http://www.gencat.cat/diue/doc_un/cis02_partal_uk.pdf}}
}

@misc{CAT-Nota1,
      author= "European Commission Directorate-General Information Society and Media",
      title= "User language preferences online",
      publisher ="Flash Eurobarometer # 313",
      year = 2011,
      howpublished = {\url{http://ec.europa.eu/public_opinion/flash/fl_313_en.pdf}}
}

@misc{CAT-Nota2,
      author= "European Commission",
      title= "Multilingualism: an asset for Europe and a shared commitment",
      publisher ="Brussels",
      year = 2008,
      howpublished = {\url{http://ec.europa.eu/education/languages/pdf/com/2008_0566_en.pdf}}
}

@misc{CAT-Nota3,
      author="UNESCO - Director General",
      title ="Intersectoral mid-term strategy on languages and multilingualism",
      publisher = "Paris",
      year = 2007,
      howpublished = {\url{http://unesdoc.unesco.org/images/0015/001503/150335e.pdf}}
}

@misc{CAT-Nota4,
      author = "European Commission Directorate-General for Translation",
      title = "Size of the language industry in the EU",
      publisher ="Kingston Upon Thames",
      year= 2009,
      howpublished = {\url{http://ec.europa.eu/dgs/translation/publications/studies}}
}

@misc{CAT-Nota5,
     author = "The Network of European Language Planning Boards",
     howpublished= {\url{http://www.languageplanning.eu}}
}

@misc{CAT-Nota6,
     title="La Bressola",
     howpublished= {\url{http://www.bressola.cat}}
}
@misc{CAT-Nota7,
     
     howpublished= {\url{http://stats.oecd.org/PISA2009Profiles/}}
}
@misc{CAT-Nota8,
     howpublished= {\url{http://www.mercator-central.org/}}
}
@misc{CAT-Nota9,
     howpublished= {\url{http://www.linguanet-europa.org/plus/ca/home.jsp}}
}
@misc{CAT-Nota10,
     howpublished= {\url{http://ec.europa.eu/education/news/news1518_en.htm}}
}
@misc{CAT-Nota11,
     howpublished= {\url{http://www.llull.cat/_eng/_cultura/cultura_catalana_mapa.shtml?seccio=cultura&subseccio=mapa}}
}
@misc{CAT-Nota12,
     howpublished= {\url{http://www.llull.cat/_eng/_home/index.cfm?seccio=inici&ampsubseccio=1}}
}
@misc{CAT-Nota13,
     howpublished= {\url{http://www.frankfurt2007.cat/}}
}
@misc{CAT-Nota14,
     howpublished= {\url{http://www.llull.cat/monografics/catalandays/}}
}
@misc{CAT-Nota15,
     howpublished= {\url{http://www.llull.cat/monografics/EXPOLANGUEs/index.cfm}}
}
@misc{CAT-Nota16,
     howpublished= {\url{http://www.pencatala.cat}}
}
@misc{CAT-Nota17,
     howpublished= {\url{http://www.ethnologue.com/ethno_docs/distribution.asp?by=size}}
}
@misc{CAT-Nota18,
     howpublished= {\url{http://wiccac.cat}}
}
@misc{CAT-Nota19,
     howpublished= {\url{http://www.navegaencatala.cat}}
}
@misc{CAT-Nota20,
     howpublished= {\url{http://www.domini.cat}}
}
@misc{CAT-Nota21,
     howpublished= {\url{http://www.softcatala.org}}
}
@misc{CAT-Nota22,
     howpublished= {\url{http://www.spiegel.de/netzwelt/web/0,1518,619398,00.html}}
}
@misc{CAT-Nota23,
     howpublished= {\url{http://www.pcworld.com/businesscenter/article/161869/google_rolls_out_semantic_search_capabilities.html}}
}
@misc{CAT-Nota24,
     howpublished= {\url{http://nlp.lsi.upc.edu/web/index.php?option=com_docman&Itemid=135}}
}
@misc{CAT-Nota25,
     title= "Verbio Technologies",
     howpublished= {\url{http://www.verbio.com}}
}
@misc{CAT-Nota26,
     howpublished= {\url{http://www.indisys.es}}
}
@misc{CAT-Nota27,
     howpublished= {\url{http://www.fonetic.es}}
}
@misc{CAT-Nota28,
     howpublished= {\url{http://www.ydilo.com/esp}}
}
@misc{CAT-Nota29,
     howpublished= {\url{http://www.naturalvox.com}}
}
@misc{CAT-Nota30,
     howpublished= {\url{http://clarin-cat-lab.org}}
}

@misc{CAT-transducens,
     title="Transducens",
     howpublished={\url{http://transducens.dlsi.ua.es}}
}

@misc{CAT-UnivAlacant,
     title="Universitat d'Alacant",
     howpublished={\url{http://www.ua.es/}}
}

