%% This BibTeX bibliography file was created using BibDesk.
%% http://bibdesk.sourceforge.net/


%% Created for koenraad at 2011-12-20 16:18:12 +0100 


%% Saved with string encoding Unicode (UTF-8) 



@misc{Schwach2004,
	Author = {Schwach, Vera},
	Date-Added = {2011-12-12 16:39:45 +0100},
	Date-Modified = {2011-12-12 19:09:41 +0100},
	Institution = {NIFU},
	Isbn/Issn = {0808--4572},
	Note = {\url{http://www.nifu.no/Norway/Publications/2004/skriftserie9-2004.pdf}},
	Number = {9},
	Series = {NIFU skriftserie},
	Title = {{Norsk vitenskap --- på språklig bortebane? {E}t pilotprosjekt om språkbruk blant fagsamfunnet av forskere i {N}orge}{ (Norwegian science --- linguistically away from home? {A} pilot project on the use of language among researchers in {Norway})}},
	Url = {http://www.nifu.no/Norway/Publications/2004/skriftserie9-2004.pdf},
	Year = {2004},
	Bdsk-Url-1 = {http://www.nifu.no/Norway/Publications/2004/skriftserie9-2004.pdf}}

@misc{gabrielsen2007,
	Author = {Gabrielsen, Egil and Lagerstr{\o}m, Bengt Oscar},
	Date-Added = {2011-12-12 16:32:57 +0100},
	Date-Modified = {2011-12-12 16:37:23 +0100},
	Isbn/Issn = {978-82-7649-046-6},
	Note = {\url{http://lesesenteret.uis.no/getfile.php/Lesesenteret/pdf-filer/Monografi_Med_annen_bakgrunn.pdf}},
	Publisher = {Nasjonalt senter for leseoppl{\ae}ring og leseforskning, Universitetet i Stavanger},
	Title = {{Med annen bakgrunn: Lese- og regneferdigheter blant voksne innvandrere}{ (With another background: Reading and computing skills among adult immigrants)}},
	Url = {http://lesesenteret.uis.no/getfile.php/Lesesenteret/pdf-filer/Monografi_Med_annen_bakgrunn.pdf},
	Year = {2007},
	Bdsk-Url-1 = {http://lesesenteret.uis.no/getfile.php/Lesesenteret/pdf-filer/Monografi_Med_annen_bakgrunn.pdf}}

@article{Drosdal2010,
	Author = {Dr{\o}sdal Vik{\o}ren, Kjersti},
	Date-Added = {2011-12-12 15:58:57 +0100},
	Date-Modified = {2011-12-12 16:00:42 +0100},
	Journal = {Språknytt},
	Note = {\url{http://www.sprakrad.no/upload/spraknytt/Spraaknytt_3_2010.pdf}},
	Number = {3},
	Publisher = {Språkrådet},
	Title = {{Standard {N}orge gj{\o}r norsk terminologi tilgjengelig}{ (Standards {N}orway makes {N}orwegian terminology available)}},
	Url = {http://www.sprakrad.no/upload/spraknytt/Spraaknytt_3_2010.pdf},
	Pages = {21--23},
	Year = {2010},
	Bdsk-Url-1 = {http://www.sprakrad.no/upload/spraknytt/Spraaknytt_3_2010.pdf}}

@book{gab:2005,
	Address = {Stavanger},
	Author = {Gabrielsen, Egil and Haslund, Jan and Lagerstr{\o}m, Bengt Oscar},
	Date-Added = {2011-12-12 14:58:19 +0100},
	Date-Modified = {2011-12-12 16:33:25 +0100},
	Isbn/Issn = {8276490387, 9788276490381},
	Publisher = {Nasjonalt senter for leseoppl{\ae}ring og leseforskning, Universitetet i Stavanger},
	Title = {{Lese- og mestringskompetanse i den norske voksenbefolkningen: Resultater fra ``Adult literacy and life skills'' (ALL)}{ (Reading and coping skills in the Norwegian adult population: Results from ``{A}dult literacy and life skills'' (ALL))}},
	Year = {2005}}

@book{manning-schuetze1,
	Author = {Christopher D. Manning and Hinrich Sch{\"u}tze},
	Booktitle = {Foundations of Statistical Natural Language Processing},
	Date-Added = {2011-12-12 13:46:05 +0100},
	Date-Modified = {2011-12-12 13:46:16 +0100},
	Publisher = {MIT Press},
	Title = {{Foundations of Statistical Natural Language Processing}},
	Year = {1999}}

@misc{lt-world1,
	Date-Added = {2011-12-12 13:45:08 +0100},
	Date-Modified = {2011-12-12 13:45:08 +0100},
	Note = {\url{http://www.lt-world.org/}},
	Title = {{Language Technology World (LT World)}}}

@book{lt-survey1,
	Booktitle = {Survey of the State of the Art in Human Language Technology},
	Date-Added = {2011-12-12 13:43:55 +0100},
	Date-Modified = {2011-12-12 13:44:32 +0100},
	Editor = {Ronald Cole and Joseph Mariani and Hans Uszkoreit and Giovanni Battista Varile and Annie Zaenen and Antonio Zampolli},
	Publisher = {Cambridge University Press},
	Series = {Studies in Natural Language Processing},
	Title = {{Survey of the State of the Art in Human Language Technology}},
	Year = {1998}}

@misc{laz1,
	Author = {Lazzari, Gianni},
	Date-Added = {2011-12-12 13:41:31 +0100},
	Date-Modified = {2011-12-20 16:17:34 +0100},
	Note = {\url{http://tcstar.org//pubblicazioni/D17_HLT_ENG.pdf}},
	Title = {{Human Language Technologies for {E}urope}},
	Url = {http://tcstar.org//pubblicazioni/D17_HLT_ENG.pdf},
	Year = 2006,
	Bdsk-Url-1 = {http://tcstar.org//pubblicazioni/D17_HLT_ENG.pdf}}

@book{jurafsky-martin01,
	Author = {Daniel Jurafsky and James H. Martin},
	Booktitle = {{Speech and Language Processing}},
	Date-Added = {2011-12-12 13:40:30 +0100},
	Date-Modified = {2011-12-12 13:41:02 +0100},
	Edition = {2},
	Publisher = {Prentice Hall},
	Title = {Speech and Language Processing},
	Year = {2009}}

@book{carstensen-etal1,
	Date-Added = {2011-12-12 13:39:10 +0100},
	Date-Modified = {2011-12-12 13:39:10 +0100},
	Editor = {Kai-Uwe Carstensen and Christian Ebert and Cornelia Ebert and Susanne Jekat and Hagen Langer and Ralf Klabunde},
	Publisher = {Spektrum Akademischer Verlag},
	Title = {{Computerlinguistik und Sprachtechnologie: Eine Einf{\"u}hrung}},
	Year = {2009}}

@misc{SR:2002:nor,
	Author = {{Norsk Språkråd}},
	Date-Added = {2011-12-12 13:03:53 +0100},
	Date-Modified = {2011-12-12 13:05:08 +0100},
	Note = {\url{http://www.sprakradet.no/upload/12378/sprakbankrapport-2002%5b1%5d.pdf}},
	Title = {{Norsk språkbank, Samling og tilgjengeleggjering av norske språkressursar}{ (A {N}orwegian language bank, collecting and making {N}orwegian language resources available)}},
	Url = {http://www.sprakradet.no/upload/12378/sprakbankrapport-2002%5b1%5d.pdf},
	Year = {2002},
	Bdsk-Url-1 = {http://www.sprakradet.no/upload/12378/sprakbankrapport-2002%5b1%5d.pdf}}

@misc{pisa2009eng,
	Author = {{OECD}},
	Date-Added = {2011-12-05 12:12:52 +0100},
	Date-Modified = {2011-12-12 19:06:52 +0100},
	Isbn/Issn = {1996-3777},
	Note = {\url{http://dx.doi.org/10.1787/9789264091450-en}},
	Title = {{PISA} 2009 results: {W}hat students know and can do --- {S}tudent performance in reading, mathematics and science},
	Url = {http://dx.doi.org/10.1787/9789264091450-en},
	Year = {2010},
	Bdsk-Url-1 = {http://dx.doi.org/10.1787/9789264091450-en}}

@incollection{And:2011,
	Author = {Gisle Andersen},
	Booktitle = {Exploring newspaper language},
	Date-Added = {2011-12-03 10:30:38 +0100},
	Date-Modified = {2011-12-12 13:26:31 +0100},
	Editor = {Gisle Andersen},
	Publisher = {John Benjamins},
	Title = {A corpus-based study of the adaptation of {E}nglish import words in {N}orwegian},
	Pages = {155--192},
	Year = {2012}}

@article{And:Kri:2010,
	Author = {Andersen, Gisle and Kristiansen, Marita},
	Date-Added = {2011-12-03 10:30:38 +0100},
	Date-Modified = {2011-12-12 13:24:22 +0100},
	Journal = {Synaps},
	Note = {\url{http://www.nhh.no/Files/Filer/institutter/fsk/Synaps/SYNAPS%2025_2011.pdf}},
	Pages = {1--8},
	Series = {Synaps},
	Title = {{Towards a national infrastucture for terminology in the framework of the CLARA and CLARINO projects}},
	Url = {http://www.nhh.no/Files/Filer/institutter/fsk/Synaps/SYNAPS%2025_2011.pdf},
	Volume = {25},
	Year = {2010},
	Bdsk-Url-1 = {http://www.nhh.no/Files/Filer/institutter/fsk/Synaps/SYNAPS%2025_2011.pdf}}

@article{Erl:2007,
	Author = {Sonja Erlenkamp},
	Date-Added = {2011-12-03 10:30:38 +0100},
	Date-Modified = {2011-12-12 19:04:43 +0100},
	Isbn/Issn = {0806-2870},
	Journal = {Språknytt},
	Note = {\url{http://www.sprakrad.no/nb-NO/Toppmeny/Publikasjoner/Spraaknytt/Arkivet/Spraknytt-2007/Spraknytt-42007/Et-tospraklig-liv-med-norsk-tegnsprak/}},
	Title = {{Et tospråklig liv med norsk tegnspråk}{ (A bilingual life with {N}orwegian sign language)}},
	Url = {http://www.sprakrad.no/nb-NO/Toppmeny/Publikasjoner/Spraaknytt/Arkivet/Spraknytt-2007/Spraknytt-42007/Et-tospraklig-liv-med-norsk-tegnsprak/},
	Volume = {4},
	Year = {2007},
	Bdsk-Url-1 = {http://www.sprakrad.no/nb-NO/Toppmeny/Publikasjoner/Spraaknytt/Arkivet/Spraknytt-2007/Spraknytt-42007/}}

@misc{Hel:2010,
	Author = {Hellekj{\ae}r, Glenn Ole},
	Date-Added = {2011-12-03 10:30:38 +0100},
	Date-Modified = {2011-12-12 19:06:26 +0100},
	Isbn/Issn = {1890-3622},
	Note = {\url{http://brage.bibsys.no/hiof/handle/URN:NBN:no-bibsys_brage_16306}},
	Title = {{Språkmakt og avmakt: Bruk av og behov for fremmedspråk i statsforvaltningen ({L}anguage power or powerlessness: {T}he use of and need for foreign languages in {N}orwegian government)}},
	Url = {http://brage.bibsys.no/hiof/handle/URN:NBN:no-bibsys_brage_16306},
	Year = {2010},
	Bdsk-Url-1 = {http://brage.bibsys.no/hiof/handle/URN:NBN:no-bibsys_brage_16306}}

@inproceedings{bleu1,
	Author = {Papineni, Kishore and Roukos, Salim and Ward, Todd and Zhu, Wei-Jing},
	Booktitle = {Proceedings of the 40th Annual Meeting of the ACL},
	Date-Added = {2011-12-03 10:30:38 +0100},
	Date-Modified = {2011-12-12 12:24:21 +0100},
	Note = {\url{http://dx.doi.org/10.3115/1073083.1073135}},
	Title = {{{BLEU}: A Method for Automatic Evaluation of Machine Translation}},
	Url = {http://dx.doi.org/10.3115/1073083.1073135},
	Year = {2002},
	Bdsk-Url-1 = {http://dx.doi.org/10.3115/1073083.1073135}}

@techreport{Kos:lin:Nor:2007,
	Author = {Kimmo Koskenniemi and Krister Lind{\'e}n and Torbj{\o}rn Nordgård},
	Date-Added = {2011-12-03 10:30:38 +0100},
	Date-Modified = {2011-12-12 13:30:22 +0100},
	Institution = {University of Helsinki},
	Note = {\url{http://www.ling.helsinki.fi/laitos/julkaisut/sprakvisreport.pdf}},
	Title = {{The Nordic Countries --- A leading region in Language Technology. Expert Panel report}},
	Type = {Publications No. 40},
	Url = {http://www.ling.helsinki.fi/laitos/julkaisut/sprakvisreport.pdf},
	Year = {2007},
	Bdsk-Url-1 = {http://www.ling.helsinki.fi/laitos/julkaisut/sprakvisreport.pdf}}

@url{ssb:2011,
	Author = {{Statistics Norway}},
	Copyright = {2007 Statistics Norway},
	Date-Added = {2011-12-03 10:30:38 +0100},
	Date-Modified = {2011-12-12 13:15:09 +0100},
	Lastchecked = {2011},
	Note = {\url{http://www.ssb.no/english/subjects/00/00/10/innvandring_en/}},
	Title = {Immigration and immigrants},
	Url = {http://www.ssb.no/english/subjects/00/00/10/innvandring_en/},
	Urldate = {August 2011},
	Year = {2011},
	Bdsk-Url-1 = {http://www.ssb.no/english/subjects/00/00/10/innvandring_en/}}

@misc{SR:2002:eng,
	Author = {{Norsk Språkråd}},
	Date-Added = {2011-12-03 10:30:38 +0100},
	Date-Modified = {2011-12-12 13:02:53 +0100},
	Note = {\url{http://www.sprakradet.no/upload/12378/Språkbank%20engelsk.pdf}},
	Title = {{Consolidating and increasing the availability of Norwegian human language technology resources}},
	Url = {http://www.sprakradet.no/upload/12378/Språkbank%20engelsk.pdf},
	Year = {2002},
	Bdsk-Url-1 = {http://www.sprakradet.no/upload/12378/Spr%C3%A5kbank%20engelsk.pdf}}

@url{SRurla,
	Author = {Språkrådet},
	Date-Added = {2011-12-03 10:30:38 +0100},
	Date-Modified = {2011-12-12 13:12:06 +0100},
	Note = {\url{http://sprakradet.no/nb-no/Sprakhjelp/Rettskrivning_Ordboeker/Ord_i_aarsmeldinger/}},
	Title = {{Rettskrivningvedtak 1962---2003}{ (Spelling decisions 1962--2003)}},
	Url = {http://sprakradet.no/nb-no/Sprakhjelp/Rettskrivning_Ordboeker/Ord_i_aarsmeldinger/},
	Urldate = {August 2011},
	Year = {2011},
	Bdsk-Url-1 = {http://sprakradet.no/nb-no/Sprakhjelp/Rettskrivning_Ordboeker/Ord_i_aarsmeldinger/}}

@article{zar1,
	Author = {Zar, Jerrold H.},
	Date-Added = {2011-12-03 10:30:38 +0100},
	Date-Modified = {2011-12-12 13:23:53 +0100},
	Journal = {Journal of Irreproducible Results},
	Pages = {13},
	Title = {Candidate for a {P}ullet {S}urprise},
	Year = {1994}}

@misc{nih:2005,
	Author = {{Norsk Språkråd}},
	Booktitle = {Norsk i hundre! Norsk som nasjonalspråk i globaliseringens tidsalder. Et forslag til strategi},
	Date-Added = {2011-12-03 10:30:38 +0100},
	Date-Modified = {2011-12-20 16:18:04 +0100},
	Note = {\url{http://www.sprakrad.no/upload/9832/norsk_i_hundre.pdf}},
	Title = {{Norsk i hundre! {N}orsk som nasjonalspråk i globaliseringens tidsalder. {E}t forslag til strategi}{ ({N}orwegian as a national language in the age of globalization. {S}trategy proposal)}},
	Url = {http://www.sprakrad.no/upload/9832/norsk_i_hundre.pdf},
	Year = {2005},
	Bdsk-Url-1 = {http://www.sprakrad.no/upload/9832/norsk_i_hundre.pdf}}

@misc{stm35:2008,
	Author = {{Kultur- og kyrkjedepartementet ({M}inistry of {C}ulture)}},
	Date-Added = {2011-12-03 10:30:38 +0100},
	Date-Modified = {2011-12-12 19:08:45 +0100},
	Note = {\url{http://www.regjeringen.no/nb/dep/kud/dok/regpubl/stmeld/2007-2008/stmeld-nr-35-2007-2008-.html?id=519923}},
	Title = {Mål og Meining. {E}in heilskapleg norsk språkpolitikk ({O}bjectives and meaning. {A} comprehensive {N}orwegian language policy)},
	Url = {http://www.regjeringen.no/nb/dep/kud/dok/regpubl/stmeld/2007-2008/stmeld-nr-35-2007-2008-.html?id=519923},
	Year = {2008},
	Bdsk-Url-1 = {http://www.regjeringen.no/nb/dep/kud/dok/regpubl/stmeld/2007-2008/stmeld-nr-35-2007-2008-.html?id=519923}}

@misc{stm48:2002,
	Author = {{Kultur- og kyrkjedepartementet ({M}inistry of {C}ulture)}},
	Date-Added = {2011-12-03 10:30:38 +0100},
	Date-Modified = {2011-12-12 19:08:45 +0100},
	Title = {{Stortingsmelding nr. 48. Kulturpolitikk fram mot 2014}{ ({G}overnment {W}hite {P}aper No. 48. {C}ultural policy towards 2014)}},
	Url = {http://www.regjeringen.no/nb/dep/kud/dok/regpubl/stmeld/20022003/stmeld-nr-48-2002-2003-.html?id=432632},
	Year = {2002--2003},
	Bdsk-Url-1 = {http://www.regjeringen.no/nb/dep/kud/dok/regpubl/stmeld/20022003/stmeld-nr-48-2002-2003-.html?id=432632}}

@misc{statistics-canada:2005,
	Author = {{Statistics Canada} and OECD},
	Date-Added = {2011-12-03 10:30:38 +0100},
	Date-Modified = {2011-12-12 13:17:49 +0100},
	Publisher = {Ottawa and Paris},
	Title = {{Learning a Living: First Results of the Adult Literacy and Life Skills Survey}},
	Year = {2005}}

@misc{SR:2008,
	Author = {Språkrådet},
	Date-Added = {2011-12-03 10:30:38 +0100},
	Date-Modified = {2011-12-12 12:58:47 +0100},
	Month = {August},
	Note = {\url{http://www.sprakradet.no/upload/12378/Språkbankplanetablering\%2015082008.pdf}},
	Title = {{Plan for etablering av Norsk språkbank ({P}lan for establishing a Norwegian language technology resource infrastructure)}},
	Url = {http://www.sprakradet.no/upload/12378/Språkbankplanetablering\%2015082008.pdf},
	Year = {2008},
	Bdsk-Url-1 = {http://www.sprakradet.no/upload/12378/Spr%C3%A5kbankplanetablering%5C%2015082008.pdf}}

@misc{SR:2010,
	Author = {Språkrådet},
	Date-Added = {2011-12-03 10:30:38 +0100},
	Date-Modified = {2011-12-12 19:07:39 +0100},
	Month = {February},
	Note = {\url{http://www.sprakradet.no/Politikk-Fakta/Spraakpolitikk/Sprakstatus/}},
	Publisher = {Språkrådet},
	Title = {{Språkstatus 2010. {K}unnskap frå elleve språkpolitiske område ({T}he status of the {N}orwegian language 2010. {I}nformation from eleven language policy domains)}},
	Url = {http://www.sprakradet.no/Politikk-Fakta/Spraakpolitikk/Sprakstatus/},
	Year = {2010},
	Bdsk-Url-1 = {http://www.sprakradet.no/Politikk-Fakta/Spraakpolitikk/Sprakstatus/}}

@misc{SR:2001,
	Author = {{Norsk Språkråd}},
	Date-Added = {2011-12-03 10:30:38 +0100},
	Date-Modified = {2011-12-12 12:55:02 +0100},
	Month = {June},
	Note = {\url{http://www.sprakradet.no/nb-NO/Tema/IKT--sprak/Handlingsplan-for-norsk-sprak-og-IKT/}},
	Title = {{Norsk språk og {IKT} --- handlingsplan (Norwegian {L}anguage and {ICT} --- action plan)}},
	Url = {http://www.sprakradet.no/nb-NO/Tema/IKT--sprak/Handlingsplan-for-norsk-sprak-og-IKT/},
	Year = {2001},
	Bdsk-Url-1 = {http://www.sprakradet.no/nb-NO/Tema/IKT--sprak/Handlingsplan-for-norsk-sprak-og-IKT/}}

@misc{Meta1,
	Author = {Aljoscha Burchardt and Georg Rehm and Felix Sasaki},
	Date-Added = {2011-12-03 10:30:38 +0100},
	Date-Modified = {2011-12-12 19:10:19 +0100},
	Institution = {META-NET},
	Note = {\url{http://www.meta-net.eu/vision/reports/meta-net-vision-paper.pdf}},
	Title = {{The Future {E}uropean Multilingual Information Society. {V}ision Paper for a Strategic Research Agenda}},
	Url = {http://www.meta-net.eu/vision/reports/meta-net-vision-paper.pdf},
	Year = {2011},
	Bdsk-Url-1 = {http://www.meta-net.eu/vision/reports/meta-net-vision-paper.pdf}}

@misc{EC1,
	Author = {{European Commission, Directorate-General Information Society and Media}},
	Date-Added = {2011-12-03 10:30:38 +0100},
	Date-Modified = {2011-12-12 13:27:41 +0100},
	Note = {\url{http://ec.europa.eu/public\_opinion/flash/fl\_313\_en.pdf}},
	Number = {313},
	Series = {Flash Eurobarometer},
	Title = {{User language preferences online}},
	Url = {http://ec.europa.eu/public\_opinion/flash/fl\_313\_en.pdf},
	Year = {2011},
	Bdsk-Url-1 = {http://ec.europa.eu/public%5C_opinion/flash/fl%5C_313%5C_en.pdf}}

@misc{EC2,
	Author = {{European Commission}},
	Date-Added = {2011-12-03 10:30:38 +0100},
	Date-Modified = {2011-12-12 19:05:16 +0100},
	Note = {\url{http://ec.europa.eu/languages/pdf/comm2008\_en.pdf}},
	Title = {{Multilingualism: {a}n asset for {E}urope and a shared commitment}},
	Url = {http://ec.europa.eu/languages/pdf/comm2008\_en.pdf},
	Year = {2008},
	Bdsk-Url-1 = {http://ec.europa.eu/languages/pdf/comm2008%5C_en.pdf}}

@misc{EC3,
	Address = {Kingston Upon Thames},
	Author = {{European Commission, Directorate-General for Translation}},
	Date-Added = {2011-12-03 10:30:38 +0100},
	Date-Modified = {2011-12-12 13:28:59 +0100},
	Note = {\url{http://ec.europa.eu/dgs/translation/publications/studies}},
	Title = {Size of the language industry in the {EU}},
	Url = {http://ec.europa.eu/dgs/translation/publications/studies},
	Year = {2009},
	Bdsk-Url-1 = {http://ec.europa.eu/dgs/translation/publications/studies}}


@Book{lwpgerman,
  author =      {Aljoscha Burchardt and Markus Egg and Kathrin Eichler and Brigitte Krenn and Jörn Kreutel and Annette Leßmöllmann and Georg Rehm and Manfred Stede and Hans Uszkoreit and Martin Volk},
  title =  {{Die Deutsche Sprache im Digitalen Zeitalter -- The German Language in the Digital Age}},
  publisher =   {Springer},
  year =         2012,
  series =         {META-NET White Paper Series. Georg Rehm and Hans Uszkoreit (Series Editors)}
}

@Article{rehm2011,
  author =	 {Georg Rehm and Hans Uszkoreit},
  title =	 {Multilingual {Europe}: {A} challenge for language
                  tech},
  journal =	 {MultiLingual},
  year =	 2011,
  volume =	 22,
  number =	 3,
  pages =	 {51--52},
  month =	 {April/May}
}

@InProceedings{euro1,
  author =	 {Philipp Koehn and Alexandra Birch and Ralf
                  Steinberger},
  title =	 {{462 Machine Translation Systems for Europe}},
  booktitle =	 {Proceedings of MT Summit XII},
  year =	 2009,
}

@misc{Unesco1,
	Author = {{Directorate-General of the UNESCO}},
	Date-Added = {2011-12-03 10:30:38 +0100},
	Date-Modified = {2011-12-12 13:22:17 +0100},
	Note = {\url{http://unesdoc.unesco.org/images/0015/001503/150335e.pdf}},
	Title = {{Intersectoral Mid-term Strategy on Languages and Multilingualism}},
	Url = {http://unesdoc.unesco.org/images/0015/001503/150335e.pdf},
	Year = {2007},
	Bdsk-Url-1 = {http://unesdoc.unesco.org/images/0015/001503/150335e.pdf}}

@article{spi1,
	Author = {{Spiegel Online}},
	Date-Added = {2011-12-03 10:30:38 +0100},
	Date-Modified = {2011-12-12 12:52:08 +0100},
	Journal = {{Spiegel Online}},
	Note = {\url{http://www.spiegel.de/netzwelt/web/0,1518,619398,00.html}},
	Title = {{Google zieht weiter davon ({Google} is still leaving everybody behind)}},
	Url = {http://www.spiegel.de/netzwelt/web/0,1518,619398,00.html},
	Year = {2009},
	Bdsk-Url-1 = {http://www.spiegel.de/netzwelt/web/0,1518,619398,00.html}}

@article{pc1,
	Author = {Perez, Juan Carlos},
	Date-Added = {2011-12-03 10:30:38 +0100},
	Date-Modified = {2011-12-12 12:49:32 +0100},
	Journal = {PC World},
	Note = {\url{http://www.pcworld.com/businesscenter/article/161869/google_rolls_out_semantic_search_capabilities.html}},
	Title = {{Google Rolls out Semantic Search Capabilities}},
	Url = {http://www.pcworld.com/businesscenter/article/161869/google_rolls_out_semantic_search_capabilities.html},
	Year = {2009},
	Bdsk-Url-1 = {http://www.pcworld.com/businesscenter/article/161869/google_rolls_out_semantic_search_capabilities.html}}
