
@InProceedings{bednar2005,
 author = "P. Bednár and P. Butka and J. Paralič",
 editor = "L. Popelínský and M. Krátký",
 title = "{Proceedings of the \nth{4} annual confe\-rence Znalosti}",
 booktitle = "Java Library for Support of Text Mining and Retrieval",
 pages = "162--169",
 address = "Ostrava",
 publisher = "Vysoká škola báňská -- Technická univerzita",
 year = "2005",
 isbn = "80-7097-523-7"
}

@Book{bocak2010,
 author = "M. Bočák and B. Garberová and R. Gregová and B. Mochňacká and P. Oborník and J. Rusnák and J. S. Sabol and V. Smoláková",
 title = "{Texty elektronických médií: Stručný výkladový slovník}",
 pages = "290",
 address = "Prešov",
 publisher = "Prešovská univerzita v Prešove",
 year = "2010",
 isbn = "978-80-555-0256-4"
}

@Mastersthesis{ceresna2002,
 author = "M. Čerešňa",
 title = "Výpočtový model na analýzu viet slovenského jazyka",
 pages = "95",
 school = "Fakulta matematiky, fyziky a informatiky Univerzity Komenského v~Bratislave",
 year = "2002",
}

@InProceedings{dlugolinsky2010,
 author = "Š. Dlugolinský and M. Laclavík and L. Hluchý",
 editor = "R. R. Wagner",
 title = "{Towards a search system for the Web exploiting spatial data of a web document}",
 booktitle = "{DEXA 2010: Database and Expert Systems Applications}",
 pages = "27--31",
 address = "Los Alamitos",
 publisher = "IEEE Computer Society",
 year = "2010",
 isbn = "978-0-7695-4174-7"
}

@Misc{lockwood2003,
 author = "R. Lockwood and A. Joscelyne",
 title = "{EUROMAP Study}",
 year = "2003",
 note = "Benchmarking HLT progress in Europe -- The EUROMAP Study by R. Lockwood and A. Joscelyne"
}

@Book{lewis2009,
 author = "M. P. Lewis",
 title = "Ethnologue",
 booktitle = "Ethnologue: Languages of the World",
 edition = "\nth{16} edition",
 publisher = "SIL International",
 address = "Dallas, Tex.",
 year = "2009"
}

@InProceedings{furdik2002,
 author = "J. Furdík and K. Furdík",
 editor = "M. Nábělková and M. Šimková",
 title = "Slovotvorný slovník slovenčiny -- softvérové riešenie",
 booktitle = "Varia 9. Zborník materiálov z IX. kolokvia mladých
jazykovedcov",
 pages = "305--316",
 publisher = "Slovenská jazykovedná spoločnosť pri SAV",
 address = "Bratislava",
 year = "2002",
 isbn = "80-89037-04-6"
}

@Mastersthesis{furdik2003,
 author = "K. Furdík",
 title = "Získavanie informácií v prirodzenom jazyku s použitím hypertextových štruktúr",
 pages = "150",
 school = "Fakulta elektrotechniky a informatiky Technickej univerzity v Košiciach",
 year = "2003"
}

@InProceedings{galambos2001,
 author = "L. Galamboš",
 editor = "L. Pacholski and P. Ružička",
 title = "{Lemmatizer for Document Information Retrieval Systems in JAVA}",
 booktitle = "SOFSEM 2001: Theory and Practice of Informatics, \nth{28} Conference on Current Trends in Theory and Practice of Informatics",
 publisher = "Springer",
 year = "2001",
 isbn = "3-540-42912-3"
}

@Phdthesis{galambos2004a,
 author = "L. Galamboš",
 title = "{Multilingual Stemmer in Web Environment}",
 school = "Fa\-culty of Mathematics and Physics, Charles University in Prague",
 year = "2004"
}

@InProceedings{galambos2004b,
 author = "L. Galamboš",
 editor = "M. A. Klopotek and S. T. Wierzchon and K. Trojanowski",
 title = "Semi-automatic stemmer evaluation",
 booktitle = "{Intelligent Information Processing and Web Mining}",
 pages = "641",
 publisher = "Springer",
 year = "2004",
 isbn = "3-540-21331-7"
}

@InProceedings{garabik2004a,
 author = "R. Garabík",
 editor = "M. Imrichová",
 title = "{Štruktúra dát v Slovenskom národnom korpuse a ich vonkaj\-šia anotácia}",
 booktitle = "Slovenčina na začiatku 21. storočia",
 pages = "164--173",
 publisher = "Fakulta humanitných a prírodných vied Prešovskej univerzity",
 address = "Prešov",
 year = "2004",
 isbn = "80-8068-526-6"
}

@Unpublished{garabik2004b,
 author = "R. Garabík and L. Gianitsová and A. Horák and M. Šimková",
 title = "{Tokenizácia, lematizácia a morfologická anotácia Slovenského národného korpusu}",
 year = "2004",
 note = "Available from \url{http://korpus.juls.savba.sk/publications.html}"
}

@InProceedings{garabik2007,
 author = "R. Garabík",
 editor = "M. Laclavík and I. Budinská and L. Hluchý",
 title = "{Slovak morphology analyzer based on Levenshtein edit operations}",
 booktitle = "\nth{1} Workshop on Intelligent and Knowledge oriented Technologies -- WIKT 2006 Proceedings",
 address = "Bratislava",
 year = "2007",
 isbn = "978-80-969202-5-9"
}

@InProceedings{garabik2010,
 author = "R. Garabík",
 title = "{Nástroje pri tvorbe a používaní projektov Slovenského národného kor\-pusu}",
 booktitle = "Proceedings of the \nth{5} Workshop on Intelligent and Know\-ledge oriented Technologies -- WIKT 2010",
 pages = "2--7",
 address = "Bratislava",
 year = "2010",
 isbn = "978-80-970145-2-0"
}

@InProceedings{genci2005,
 author = "J. Genči",
 title = "{Contribution to Processing of Slovak Language at DCI FEEI TUKE}",
 booktitle = "Slovanské a východoeurópske jazyky v počítačovom spracovaní",
 pages = "67--72",
 publisher = "VEDA",
 address = "Bratislava",
 year = "2005",
 isbn = "80-224-0895-6"
}

@Book{ivorikova2010,
 author = "H. Ivoríková and E. Španová and R. Kamenárová and M. Mošaťová and Z. Kleschtová and H. Tichá",
 title = "Krížom-krážom. Slovenčina A1+A2. Cvičebnica",
 publisher = "Univerzita Komenského",
 address = "Bratislava",
 year = "2010",
 isbn = "978-80-223-2809-8"
}

@Book{kamenarova2007,
 author = "R. Kamenárová and H. Tichá and E. Španová and H. Ivoríková and Z. Kleschtová and M. Mošaťová",
 title = "Krížom-krážom. Slovenčina A1",
 pages = "188",
 publisher = "Univerzita Komenského",
 address = "Bratislava",
 year = "2007",
 isbn = "978-80-223-2441-0"
}

@Book{kamenarova2009,
 author = "R. Kamenárová and E. Španová and H. Ivoríková and D. Balšínková and Z. Kleschtová, M. Mošaťová, H. Tichá",
 title = "Krížom-krážom. Slovenčina A2",
 pages = "207",
 publisher = "Univerzita Komenského",
 address = "Bratislava",
 year = "2009",
 isbn = "978-80-223-2608"
}

@Book{kostolansky2004,
 author = "E. Kostolanský and J. Hašanová and V. Benko",
 title = "Model morfologickej databázy slovenčiny (počítačové spracovanie jazyka)",
 pages = "188",
 publisher = "Fakulta prírodných vied Uni\-ver\-zity sv. Cyrila a Metoda v Trnave",
 address = "Trnava",
 year = "2004",
 isbn = "80-89034-70-5"
}

@InProceedings{krajci2007,
 author = "S. Krajči and R. Novotný",
 editor = "M. Laclavík and I. Budinská and L. Hluchý",
 title = "Hľadanie základného tvaru slovenského slova na základe spoločného konca slov",
 booktitle = "\nth{1} Workshop on Intelligent and Know\-ledge oriented Technologies -- WIKT 2006 Proceedings",
 address = "Bratislava",
 year = "2007",
 isbn = "978-80-969202-5-9"
}

@InProceedings{laclavik2007a,
 author = "M. Laclavík and M. Ciglan and S. Krajči and L. Hluchý and K. Furdík",
 editor = "M. Laclavík and I. Budinská and L. Hluchý",
 title = "{Dostupné zdroje a výzvy pre počítačové spracovanie informačných zdrojov v slovenskom jazyku}",
 booktitle = "\nth{1} Workshop on Intelligent and Know\-ledge oriented Technologies -- WIKT 2006 Proceedings",
 pages = "92--97",
 address = "Bratislava",
 year = "2007",
 isbn = "978-80-969202-5-9"
}

@InProceedings{laclavik2007b,
 author = "M. Laclavík and M. Ciglan and M. Šeleng and S. Krajči and P. Vojtek and L. Hluchý",
 editor = "J. Levická and R. Garabík",
 title = "{Semi-automatic Semantic Annotation of Slovak Texts}",
 booktitle = "Computer treatment of Slavic and East European languages",
 pages = "126--138",
 publisher = "Slovak National Corpus, Ľ. Štúr Institute of Linguistics Slovak Academy of Sciences",
 address = "Bratislava",
 year = "2007",
 isbn = "978-80-87139-05-9"
}

@Article{laclavik2009,
 author = "M. Laclavík and M. Šeleng and M. Ciglan and L. Hluchý",
 title = "{Ontea: Platform for pattern based automated semantic annotation}",
 journal = "Computing and informatics",
 pages = "555--579",
 year = "2009",
 volume = "28",
 number = "4",
 issn = "1335-9150"
}

@InProceedings{laclavik2010,
 author = "M. Laclavík and M. Šeleng and E. Gatial and Š. Dlugolinský and Z. Balogh and L. Hluchý and E. Jeckel and P. Horváth",
 editor = "P. Smrž",
 title = "{AIIA: adaptívna platforma na podporu interoperabi\-lity v súkromnom a verejnom sektore}",
 booktitle = "Znalosti 2010: Sborník příspěvků 9. ročníku konference",
 pages = "227--230",
 publisher = "Vysoká škola technická v~Praze",
 address = "Praha",
 year = "2010",
 isbn = "978-80-245-1636-3"
}

@Book{niznikova1998,
 author = "J. Nižníková and M. Sokolová",
 title = "Valenčný slovník slovenských slovies",
 publisher = "Filozofická fakulta Prešovskej univerzity",
 address = "Prešov",
 year = "1998",
 isbn = "80-88885-53-1"
}

@Book{niznikova2006,
 author = "J. Nižníková",
 title = "Valenčný slovník slovenských slovies (Na korpusovom základe)",
 publisher = "Filozofická fakulta Prešovskej univerzity v Prešove",
 address = "Prešov",
 year = "2006",
 volume = "2",
 isbn = "80-88885-53-1"
}

@Book{niznikova2001,
 author = "J. Nižníková",
 title = "Vetné modely v slovenčine",
 publisher = "Filozofická fakulta Prešovskej univerzity",
 address = "Prešov",
 year = "2001",
 isbn = "80-8068-052-3"
}

@Book{ondrejovic2008,
 author = "S. Ondrejovič",
 title = "Slovenský jazyk, jazyky na Slovensku",
 publisher = "Ševt, a. s.",
 address = "Bratislava",
 year = "2008",
 isbn = "978-80-8106-005-2"
}

@Book{pales1994,
 author = "E. Páleš",
 title = "Sapfo – parafrázovač slovenčiny",
 publisher = "VEDA",
 address = "Bratislava",
 year = "1994",
 isbn = "80-224-0109-9"
}

@Book{pekarovicova2005,
 author = "J. Pekarovičová and Ľ. Žigová and M. Palcútová and J. Štefánik",
 title = "Slovenčina pre cudzincov. Praktická fonetická príručka",
 pages = "244",
 publisher = "Stimul",
 address = "Bratislava",
 year = "2005",
 isbn = "80-89236-04-9"
}

@Book{pekarovicova2004,
 author = "J. Pekarovičová",
 title = "Slovenčina ako cudzí jazyk – predmet aplikovanej lingvistiky",
 pages = "208",
 publisher = "Stimul",
 address = "Bratislava",
 year = "2004",
 isbn = "80-88982-87-1"
}

@Book{pekarovicova2007,
 author = "J. Pekarovičová and Ľ. Žigová and M. Mošaťová",
 title = "Vzdelávací program Slovenčina ako cudzí jazyk. Jazykový kurz v kontaktnej a dištančnej forme",
 pages = "83",
 publisher = "Stimul",
 address = "Bratislava",
 year = "2007",
 isbn = "978-80-89236-28-2"
}

@Book{pekarovicova2001,
 author = "J. Pekarovičová",
 title = "Slovakistika v zahraničí",
 pages = "165",
 publisher = "Stimul",
 address = "Bratislava",
 year = "2001",
 isbn = "80-88982-41-3"
}

@Book{pekarovicova2006,
 author = "J. Pekarovičová and M. Vojtech",
 title = "Slovacicum. Súčasné Slovensko",
 pages = "239",
 publisher = "Stimul",
 address = "Bratislava",
 year = "2006",
 isbn = "80-89236-10-3"
}

@InProceedings{sabol1994,
 author = "J. Sabol and J. Zimmermann",
 title = "{Komunikačný štatút prízvuku v spisovnej slovenčine}",
 booktitle = "Acta Facultatis Philosophicae Universitatis Šafarikanae. Spo\-lo\-čensko\-vedný zošit 10",
 publisher = "Filozofická fakulta Univerzity P. J. Šafárika",
 address = "Prešov",
 year = "1994",
}

@Book{sabol1986,
 author = "J. Sabol and J. Zimmermann",
 title = "Základy akustickej fonetiky",
 publisher = "Rektorát Univerzity P. J. Šafárika v Košiciach",
 address = "Košice",
 year = "1986",
}

@InProceedings{sabol2004,
 author = "J. Sabol",
 editor = "J. Mlacek and M. Vojtech",
 title = "{Metamorfózy kvantity v spisovnej slovenčine}",
 booktitle = "Studia Academica Slovaca. 33. Prednášky XL. letnej školy slovenského jazyka a kultúry",
 pages = "183--203",
 publisher = "Stimul: Centrum informatiky a vzdelávania Filozofickej fakulty Univerzity Komenského",
 address = "Bratislava",
 year = "2004",
 isbn = "80-88982-82-0"
}

@InProceedings{sabol2005a,
 author = "J. Sabol",
 editor = "J. Rusnák and M. Bočák",
 title = "{Vzťah znaku a slova a supraznaku a vety v mediálnom texte}",
 booktitle = "Médiá a text",
 pages = "20--26",
 publisher = "Filozofická fakulta Prešovskej univerzity",
 address = "Prešov",
 year = "2005",
 isbn = "80-8068-408-1"
}

@InProceedings{sabol2005b,
 author = "J. Sabol",
 editor = "M. Považaj",
 title = "{Historicko-synchronické morfologické a derivačné signály kvantity v slovenčine}",
 booktitle = "Kvantita v spisovnej slovenčine a v slovenských nárečiach",
 pages = "9–32",
 publisher = "VEDA",
 address = "Bratislava",
 year = "2005",
 isbn = "80-224-0858-1"
}

@Book{sokolova2007a,
 author = "M. Sokolová",
 title = "Nový deklinačný systém slovenčiny",
 publisher = "Filozofická fakulta Prešovskej univerzity v Prešove",
 address = "Prešov",
 year = "2007",
 isbn = "80-8068-550-9"
}

@Book{sokolova2007b,
 author = "M. Sokolová and M. Ološtiak and M. Ivanová et al.",
 title = "Slovník koreňových morfém slovenčiny",
 publisher = "Filozofická fakulta Prešovskej univerzity v Prešove",
 address = "Prešov",
 year = "2007",
 isbn = "80-8068-319-0"
}

@Book{sokolova1999,
 author = "M. Sokolová and G. Moško and F. Šimon and V. Benko",
 title = "Morfematický slovník slovenčiny",
 publisher = "Náuka",
 address = "Prešov",
 year = "1999",
 isbn = "80–968202–1-4"
}

@Proceedings{sokolova2006,
 editor = "M. Sokolová and M. Ivanová",
 title = "Sondy do morfosyntaktického výskumu slovenčiny na korpusovom materiáli",
 publisher = "Filozofická fakulta Prešovskej univerzity v Prešove",
 address = "Prešov",
 year = "2006",
 isbn = "80-8068-545-2"
}

@Misc{soria2011,
 author = "C. Soria and J. Mariani",
 title = "{Report on Existing Projects and Initiatives META-NET study}",
 year = "2011",
}

@Article{simkova2008,
 author = "M. Šimková",
 title = "{Korpusová lingvistika na Slovensku}",
 journal = "Jazykovedný časopis",
 pages = "11--24",
 year = "2008",
 volume = "59",
 number = "1--2",
}

@InProceedings{vojtek2006,
 author = "P. Vojtek and V. Grlický",
 editor = "P. Návrat et al.",
 title = "{Identification of Natural Language using n-grams and Markov processes}",
 booktitle = "Tools for Acquisition, Organisation and Presenting of Information and Knowledge",
 pages = "154--161",
 publisher = "Vydavateľstvo Slovenskej technickej univerzity",
 address = "Bratislava",
 year = "2006",
 isbn = "80-227-2468-8"
}

@Book{zimmermann2002,
 author = "J. Zimmermann",
 title = "Spektrografická a škálografická analýza akustického rečového signálu",
 publisher = "Náuka",
 address = "Prešov",
 year = "2002",
 isbn = "80-89038-22-0"
}

@Book{zigova2005,
 author = "Ľ. Žigová",
 title = "{Slovenčina pre cudzincov. Gramatická a pravopisná cvičebnica}",
 pages = "164",
 publisher = "Univerzita Komenského",
 address = "Bratislava",
 year = "2005",
 isbn = "80-223-1926-0",
 sortname = "L. Zzigova"
}


