<<<<<<< HEAD

@InProceedings{bednar2005,
 author = "P. Bednár and P. Butka and J. Paralič",
 editor = "L. Popelínský and M. Krátký",
 title = "{Proceedings of the \nth{4} annual confe\-rence Znalosti}",
 booktitle = "Java Library for Support of Text Mining and Retrieval",
 pages = "162--169",
 address = "Ostrava",
 publisher = "Vysoká škola báňská -- Technická univerzita",
 year = "2005",
 isbn = "80-7097-523-7"
}

@Book{juhar2011,
 author = "J. Juhár a kol.",
 title = "{Rečové technológie v telekomunikačných a informačných systémoch}",
 pages = "517",
 address = "Košice",
 publisher = "Equilibria",
 year = "2011",
 isbn = "978-80-89284-75-7"
}

@Book{kssj2003,
 author = "M. Považaj and J. Kačala and M. Pisárčiková",
 title = "{Krátky slovník slovenského jazyka}",
 pages = "988",
 address = "Bratislava",
 publisher = "Veda",
 year = "2003",
 isbn = "80-224-0750-X"
}

@Book{sssj2006,
 author = "K. Buzássyová and A. Jarošová",
 title = "{Slovník súčasného slovenského jazyka A -- G}",
 pages = "1134",
 address = "Bratislava",
 publisher = "Veda",
 year = "2006",
 isbn = "80-224-0932-4"
}

@Book{sssj2011,
 author = "K. Buzássyová and A. Jarošová",
 title = "{Slovník súčasného slovenského jazyka H -- L}",
 pages = "1088",
 address = "Bratislava",
 publisher = "Veda",
 year = "2011",
 isbn = "978-80-224-1172-1"
}

@Book{sss2004,
 author = "M. Pisárčiková and M. Považaj",
 title = "{Synonymický slovník slovenčiny}",
 pages = "998",
 address = "Bratislava",
 publisher = "Veda",
 year = "2004",
 isbn = "80-224-0801-8"
}

@Book{scs2005,
 author = "Ľ. Balážová and J. Bosák and J. Genzor and I. Ripka and J. Skladaná",
 title = "{Slovník cudzích slov -- akademický}",
 pages = "1054",
 address = "Bratislava",
 publisher = "Slovenské pedagogické nakladateľstvo",
 year = "2005",
 isbn = "80-10-00381-6"
}

@Book{bocak2010,
 author = "M. Bočák and B. Garberová and R. Gregová and B. Mochňacká and P. Oborník and J. Rusnák and J. S. Sabol and V. Smoláková",
 title = "{Texty elektronických médií: Stručný výkladový slovník}",
 pages = "290",
 address = "Prešov",
 publisher = "Prešovská univerzita v Prešove",
 year = "2010",
 isbn = "978-80-555-0256-4"
}

@Mastersthesis{ceresna2002,
 author = "M. Čerešňa",
 title = "Výpočtový model na analýzu viet slovenského jazyka",
 pages = "95",
 school = "Fakulta matematiky, fyziky a informatiky Univerzity Komenského v~Bratislave",
 year = "2002",
}

@InProceedings{dlugolinsky2010,
 author = "Š. Dlugolinský and M. Laclavík and L. Hluchý",
 editor = {R. R. Wagner},
 title = "{Towards a search system for the Web exploiting spatial data of a web document}",
 booktitle = "{DEXA 2010: Database and Expert Systems Applications}",
 pages = "27--31",
 address = "Los Alamitos",
 publisher = "IEEE Computer Society",
 year = "2010",
 isbn = "978-0-7695-4174-7"
}

@Misc{lockwood2003,
 author = "R. Lockwood and A. Joscelyne",
 title = "{EUROMAP Study}",
 year = "2003",
 note = "Benchmarking HLT progress in Europe -- The EUROMAP Study by R. Lockwood and A. Joscelyne"
}

@Book{lewis2009,
 author = "M. P. Lewis",
 title = "Ethnologue",
 booktitle = "Ethnologue: Languages of the World",
 edition = "\nth{16} edition",
 publisher = "SIL International",
 address = "Dallas, Tex.",
 year = "2009"
}

@InProceedings{furdik2002,
 author = "J. Furdík and K. Furdík",
 editor = "M. Nábělková and M. Šimková",
 title = "Slovotvorný slovník slovenčiny -- softvérové riešenie",
 booktitle = "Varia 9. Zborník materiálov z IX. kolokvia mladých
jazykovedcov",
 pages = "305--316",
 publisher = "Slovenská jazykovedná spoločnosť pri SAV",
 address = "Bratislava",
 year = "2002",
 isbn = "80-89037-04-6"
}

@Mastersthesis{furdik2003,
 author = "K. Furdík",
 title = "Získavanie informácií v prirodzenom jazyku s použitím hypertextových štruktúr",
 pages = "150",
 school = "Fakulta elektrotechniky a informatiky Technickej univerzity v Košiciach",
 year = "2003"
}

@InProceedings{galambos2001,
 author = "L. Galamboš",
 editor = "L. Pacholski and P. Ružička",
 title = "{Lemmatizer for Document Information Retrieval Systems in JAVA}",
 booktitle = "SOFSEM 2001: Theory and Practice of Informatics, \nth{28} Conference on Current Trends in Theory and Practice of Informatics",
 publisher = "Springer",
 year = "2001",
 isbn = "3-540-42912-3"
}

@Phdthesis{galambos2004a,
 author = "L. Galamboš",
 title = "{Multilingual Stemmer in Web Environment}",
 school = "Fa\-culty of Mathematics and Physics, Charles University in Prague",
 year = "2004"
}

@InProceedings{galambos2004b,
 author = "L. Galamboš",
 editor = "M. A. Klopotek and S. T. Wierzchon and K. Trojanowski",
 title = "Semi-automatic stemmer evaluation",
 booktitle = "{Intelligent Information Processing and Web Mining}",
 pages = "641",
 publisher = "Springer",
 year = "2004",
 isbn = "3-540-21331-7"
}

@InProceedings{garabik2004a,
 author = "R. Garabík",
 editor = "M. Imrichová",
 title = "{Štruktúra dát v Slovenskom národnom korpuse a ich vonkaj\-šia anotácia}",
 booktitle = "Slovenčina na začiatku 21. storočia",
 pages = "164--173",
 publisher = "Fakulta humanitných a prírodných vied Prešovskej univerzity",
 address = "Prešov",
 year = "2004",
 isbn = "80-8068-526-6"
}

@Unpublished{garabik2004b,
 author = "R. Garabík and L. Gianitsová and A. Horák and M. Šimková",
 title = "{Tokenizácia, lematizácia a morfologická anotácia Slovenského národného korpusu}",
 year = "2004",
 note = "Available from \url{http://korpus.juls.savba.sk/publications.html}"
}

@InProceedings{garabik2007,
 author = "R. Garabík",
 editor = "M. Laclavík and I. Budinská and L. Hluchý",
 title = "{Slovak morphology analyzer based on Levenshtein edit operations}",
 booktitle = "\nth{1} Workshop on Intelligent and Knowledge oriented Technologies -- WIKT 2006 Proceedings",
 address = "Bratislava",
 year = "2007",
 isbn = "978-80-969202-5-9"
}

@InProceedings{garabik2010,
 author = "R. Garabík",
 title = "{Nástroje pri tvorbe a používaní projektov Slovenského národného kor\-pusu}",
 booktitle = "Proceedings of the \nth{5} Workshop on Intelligent and Know\-ledge oriented Technologies -- WIKT 2010",
 pages = "2--7",
 address = "Bratislava",
 year = "2010",
 isbn = "978-80-970145-2-0"
}

@InProceedings{genci2005,
 author = "J. Genči",
 title = "{Contribution to Processing of Slovak Language at DCI FEEI TUKE}",
 booktitle = "Slovanské a východoeurópske jazyky v počítačovom spracovaní",
 pages = "67--72",
 publisher = "VEDA",
 address = "Bratislava",
 year = "2005",
 isbn = "80-224-0895-6"
}

@InProceedings{simkova2006a,
 author = "M. Šimková",
 title = "{Slovak National Corpus – history and current situation}",
 booktitle = "Insight into Slovak and Czech Corpus Linguistics",
 pages = "151--159",
 publisher = "VEDA",
 address = "Bratislava",
 year = "2006",
 isbn = "80-224-0880-6"
}

@Book{ivorikova2010,
 author = "H. Ivoríková and E. Španová and R. Kamenárová and M. Mošaťová and Z. Kleschtová and H. Tichá",
 title = "Krížom-krážom. Slovenčina A1+A2. Cvičebnica",
 publisher = "Univerzita Komenského",
 address = "Bratislava",
 year = "2010",
 isbn = "978-80-223-2809-8"
}

@Book{simkova2006b,
 author = "M. Šimková",
 title = "Insight into Slovak and Czech Corpus Linguistics",
 publisher = "VEDA",
 address = "Bratislava",
 year = "2006",
 isbn = "80-224-0880-6"
}

@Book{kamenarova2007,
 author = "R. Kamenárová and H. Tichá and E. Španová and H. Ivoríková and Z. Kleschtová and M. Mošaťová",
 title = "Krížom-krážom. Slovenčina A1",
 pages = "188",
 publisher = "Univerzita Komenského",
 address = "Bratislava",
 year = "2007",
 isbn = "978-80-223-2441-0"
}

@Book{kamenarova2009,
 author = "R. Kamenárová and E. Španová and H. Ivoríková and D. Balšínková and Z. Kleschtová, M. Mošaťová, H. Tichá",
 title = "Krížom-krážom. Slovenčina A2",
 pages = "207",
 publisher = "Univerzita Komenského",
 address = "Bratislava",
 year = "2009",
 isbn = "978-80-223-2608"
}

@Book{kostolansky2004,
 author = "E. Kostolanský and J. Hašanová and V. Benko",
 title = "Model morfologickej databázy slovenčiny (počítačové spracovanie jazyka)",
 pages = "188",
 publisher = "Fakulta prírodných vied Uni\-ver\-zity sv. Cyrila a Metoda v Trnave",
 address = "Trnava",
 year = "2004",
 isbn = "80-89034-70-5"
}

@InProceedings{krajci2007,
 author = "S. Krajči and R. Novotný",
 editor = "M. Laclavík and I. Budinská and L. Hluchý",
 title = "Hľadanie základného tvaru slovenského slova na základe spoločného konca slov",
 booktitle = "1\,st Workshop on Intelligent and Know\-ledge oriented Technologies -- WIKT 2006 Proceedings",
 address = "Bratislava",
 year = "2007",
 isbn = "978-80-969202-5-9"
}

@InProceedings{laclavik2007a,
 author = "M. Laclavík and M. Ciglan and S. Krajči and L. Hluchý and K. Furdík",
 editor = "M. Laclavík and I. Budinská and L. Hluchý",
 title = "{Dostupné zdroje a výzvy pre počítačové spracovanie informačných zdrojov v slovenskom jazyku}",
 booktitle = "1\,st Workshop on Intelligent and Know\-ledge oriented Technologies -- WIKT 2006 Proceedings",
 pages = "92--97",
 address = "Bratislava",
 year = "2007",
 isbn = "978-80-969202-5-9"
}

@InProceedings{laclavik2007b,
 author = "M. Laclavík and M. Ciglan and M. Šeleng and S. Krajči and P. Vojtek and L. Hluchý",
 editor = "J. Levická and R. Garabík",
 title = "{Semi-automatic Semantic Annotation of Slovak Texts}",
 booktitle = "Computer treatment of Slavic and East European languages",
 pages = "126--138",
 publisher = "Slovak National Corpus, Ľ. Štúr Institute of Linguistics Slovak Academy of Sciences",
 address = "Bratislava",
 year = "2007",
 isbn = "978-80-87139-05-9"
}

@Article{laclavik2009,
 author = "M. Laclavík and M. Šeleng and M. Ciglan and L. Hluchý",
 title = "{Ontea: Platform for pattern based automated semantic annotation}",
 journal = "Computing and informatics",
 pages = "555--579",
 year = "2009",
 volume = "28",
 number = "4",
 issn = "1335-9150"
}

@InProceedings{laclavik2010,
 author = "M. Laclavík and M. Šeleng and E. Gatial and Š. Dlugolinský and Z. Balogh and L. Hluchý and E. Jeckel and P. Horváth",
 editor = "P. Smrž",
 title = "{AIIA: adaptívna platforma na podporu interoperabi\-lity v súkromnom a verejnom sektore}",
 booktitle = "Znalosti 2010: Sborník příspěvků 9. ročníku konference",
 pages = "227--230",
 publisher = "Vysoká škola technická v~Praze",
 address = "Praha",
 year = "2010",
 isbn = "978-80-245-1636-3"
}

@Book{niznikova1998,
 author = "J. Nižníková and M. Sokolová",
 title = "Valenčný slovník slovenských slovies",
 publisher = "Filozofická fakulta Prešovskej univerzity",
 address = "Prešov",
 year = "1998",
 isbn = "80-88885-53-1"
}

@Book{niznikova2006,
 author = "J. Nižníková",
 title = "Valenčný slovník slovenských slovies (Na korpusovom základe)",
 publisher = "Filozofická fakulta Prešovskej univerzity v Prešove",
 address = "Prešov",
 year = "2006",
 volume = "2",
 isbn = "80-88885-53-1"
}

@Book{niznikova2001,
 author = "J. Nižníková",
 title = "Vetné modely v slovenčine",
 publisher = "Filozofická fakulta Prešovskej univerzity",
 address = "Prešov",
 year = "2001",
 isbn = "80-8068-052-3"
}

@Book{ondrejovic2008,
 author = "S. Ondrejovič",
 title = "Slovenský jazyk, jazyky na Slovensku",
 publisher = "Ševt, a. s.",
 address = "Bratislava",
 year = "2008",
 isbn = "978-80-8106-005-2"
}

@Book{pales1994,
 author = "E. Páleš",
 title = "Sapfo – parafrázovač slovenčiny",
 publisher = "VEDA",
 address = "Bratislava",
 year = "1994",
 isbn = "80-224-0109-9"
}

@Book{pekarovicova2005,
 author = "J. Pekarovičová and Ľ. Žigová and M. Palcútová and J. Štefánik",
 title = "Slovenčina pre cudzincov. Praktická fonetická príručka",
 pages = "244",
 publisher = "Stimul",
 address = "Bratislava",
 year = "2005",
 isbn = "80-89236-04-9"
}

@Book{pekarovicova2004,
 author = "J. Pekarovičová",
 title = "Slovenčina ako cudzí jazyk – predmet aplikovanej lingvistiky",
 pages = "208",
 publisher = "Stimul",
 address = "Bratislava",
 year = "2004",
 isbn = "80-88982-87-1"
}

@Book{pekarovicova2007,
 author = "J. Pekarovičová and Ľ. Žigová and M. Mošaťová",
 title = "Vzdelávací program Slovenčina ako cudzí jazyk. Jazykový kurz v kontaktnej a dištančnej forme",
 pages = "83",
 publisher = "Stimul",
 address = "Bratislava",
 year = "2007",
 isbn = "978-80-89236-28-2"
}

@Book{pekarovicova2001,
 author = "J. Pekarovičová",
 title = "Slovakistika v zahraničí",
 pages = "165",
 publisher = "Stimul",
 address = "Bratislava",
 year = "2001",
 isbn = "80-88982-41-3"
}

@Book{pekarovicova2006,
 author = "J. Pekarovičová and M. Vojtech",
 title = "Slovacicum. Súčasné Slovensko",
 pages = "239",
 publisher = "Stimul",
 address = "Bratislava",
 year = "2006",
 isbn = "80-89236-10-3"
}

@InProceedings{sabol1994,
 author = "J. Sabol and J. Zimmermann",
 title = "{Komunikačný štatút prízvuku v spisovnej slovenčine}",
 booktitle = "Acta Facultatis Philosophicae Universitatis Šafarikanae. Spo\-lo\-čensko\-vedný zošit 10",
 publisher = "Filozofická fakulta Univerzity P. J. Šafárika",
 address = "Prešov",
 year = "1994",
}

@Book{sabol1986,
 author = "J. Sabol and J. Zimmermann",
 title = "Základy akustickej fonetiky",
 publisher = "Rektorát Univerzity P. J. Šafárika v Košiciach",
 address = "Košice",
 year = "1986",
}

@InProceedings{sabol2004,
 author = "J. Sabol",
 editor = "J. Mlacek and M. Vojtech",
 title = "{Metamorfózy kvantity v spisovnej slovenčine}",
 booktitle = "Studia Academica Slovaca. 33. Prednášky XL. letnej školy slovenského jazyka a kultúry",
 pages = "183--203",
 publisher = "Stimul: Centrum informatiky a vzdelávania Filozofickej fakulty Univerzity Komenského",
 address = "Bratislava",
 year = "2004",
 isbn = "80-88982-82-0"
}

@InProceedings{sabol2005a,
 author = "J. Sabol",
 editor = "J. Rusnák and M. Bočák",
 title = "{Vzťah znaku a slova a supraznaku a vety v mediálnom texte}",
 booktitle = "Médiá a text",
 pages = "20--26",
 publisher = "Filozofická fakulta Prešovskej univerzity",
 address = "Prešov",
 year = "2005",
 isbn = "80-8068-408-1"
}

@InProceedings{sabol2005b,
 author = "J. Sabol",
 editor = "M. Považaj",
 title = "{Historicko-synchronické morfologické a derivačné signály kvantity v slovenčine}",
 booktitle = "Kvantita v spisovnej slovenčine a v slovenských nárečiach",
 pages = "9–32",
 publisher = "VEDA",
 address = "Bratislava",
 year = "2005",
 isbn = "80-224-0858-1"
}

@Book{sokolova2007a,
 author = "M. Sokolová",
 title = "Nový deklinačný systém slovenčiny",
 publisher = "Filozofická fakulta Prešovskej univerzity v Prešove",
 address = "Prešov",
 year = "2007",
 isbn = "80-8068-550-9"
}

@Book{sokolova2007b,
 author = "M. Sokolová and M. Ološtiak and M. Ivanová et al.",
 title = "Slovník koreňových morfém slovenčiny",
 publisher = "Filozofická fakulta Prešovskej univerzity v Prešove",
 address = "Prešov",
 year = "2007",
 isbn = "80-8068-319-0"
}

@Book{sokolova1999,
 author = "M. Sokolová and G. Moško and F. Šimon and V. Benko",
 title = "Morfematický slovník slovenčiny",
 publisher = "Náuka",
 address = "Prešov",
 year = "1999",
 isbn = "80–968202–1-4"
}

@Proceedings{sokolova2006,
 editor = "M. Sokolová and M. Ivanová",
 title = "Sondy do morfosyntaktického výskumu slovenčiny na korpusovom materiáli",
 publisher = "Filozofická fakulta Prešovskej univerzity v Prešove",
 address = "Prešov",
 year = "2006",
 isbn = "80-8068-545-2"
}

@Misc{soria2011,
 author = "C. Soria and J. Mariani",
 title = "{Report on Existing Projects and Initiatives META-NET study}",
 year = "2011",
}

@Article{simkova2008,
 author = "M. Šimková",
 title = "{Korpusová lingvistika na Slovensku}",
 journal = "Jazykovedný časopis",
 pages = "11--24",
 year = "2008",
 volume = "59",
 number = "1--2",
}

@InProceedings{vojtek2006,
 author = "P. Vojtek and V. Grlický",
 editor = "P. Návrat et al.",
 title = "{Identification of Natural Language using n-grams and Markov processes}",
 booktitle = "Tools for Acquisition, Organisation and Presenting of Information and Knowledge",
 pages = "154--161",
 publisher = "Vydavateľstvo Slovenskej technickej univerzity",
 address = "Bratislava",
 year = "2006",
 isbn = "80-227-2468-8"
}

@Book{zimmermann2002,
 author = "J. Zimmermann",
 title = "Spektrografická a škálografická analýza akustického rečového signálu",
 publisher = "Náuka",
 address = "Prešov",
 year = "2002",
 isbn = "80-89038-22-0"
}

@Book{zigova2005,
 author = "Ľ. Žigová",
 title = "{Slovenčina pre cudzincov. Gramatická a pravopisná cvičebnica}",
 pages = "164",
 publisher = "Univerzita Komenského",
 address = "Bratislava",
 year = "2005",
 isbn = "80-223-1926-0",
 sortname = "L. Zzigova"
}

@Article{rehm2011,
  author =	 {Georg Rehm and Hans Uszkoreit},
  title =	 {Multilingual {Europe}: {A} challenge for language
                  tech ({Das mehrsprachige Europa: Eine
                  Herausforderung für die Sprachtechnologie})},
  journal =	 {MultiLingual},
  year =	 2011,
  volume =	 22,
  number =	 3,
  pages =	 {51--52},
  month =	 {April/May}
}

@Book{lwpgerman,
  author = {Aljoscha Burchard and Markus Egg and Kathrin Eichler and Brigitte Krenn and Jörn Kreutel and Annette Leßmöllmann and Georg Rehm and Manfred Stede and Hans Uszkoreit and Martin Volk},
  title =  {{Die Deutsche Sprache im Digitalen Zeitalter -- The German Language in the Digital Age}},
  publisher =  {Springer},
  year =  2012,
  series = {META-NET White Paper Series. Georg Rehm and Hans Uszkoreit (Series Editors)}
}

@InProceedings{euro1,
 author = {Philipp Koehn and Alexandra Birch and Ralf Steinberger},
 title = {{462 Machine Translation Systems for Europe ()}},
 booktitle = {Proceedings of MT Summit XII},
 year =	 2009,
}

=======
%1
@Misc{obsemig,
  title =	 {{Observatório da Emigração}},
  note = "Internet, 25/01/2012 - \url{http://www.observatorioemigracao.secomunidades.pt}"
}

%28
@techreport{Meta1,
  author =	 {Aljoscha Burchardt and Georg Rehm and Felix Sasaki},
  title =	 {{The Future European Multilingual Information Society -- Vision
                  Paper for a Strategic Research Agenda}},
  year =	 2011,
  institution = "META-NET",
  note = "Internet, 25/01/2012 - \url{http://www.meta-net.eu/vision/reports/meta-net-vision-paper.pdf}"
}

%44
@Article{EC1,
  title =	 {User language preferences online, Analytical report},
  journal =	 {{Flash Eurobarometer 313}},
  year =	 2011,
  note = "Direção Geral para a Sociedade da Informação e Meios de Comunicação da Comissão Europeia (Directorate-General Information Society \& Media of the European
                  Commission). Internet, 25/01/2012 - \url{http://ec.europa.eu/public_opinion/flash/fl_313_en.pdf}"
}

%33
@manual{EC2,
  title =	 {{ Multilinguismo: uma mais-valia para a Europa e um compromisso comum (Multilingualism: an asset for Europe and a shared commitment)}},
  year =	 2008,
  note = "Comissão das Comunidades Europeias (Commission of the European Communities). Comissão Europeia (European Comission). 
  Internet, 25/01/2012 - \url{http://ec.europa.eu/languages/news/20080918-commission-communication-on-multilingualism_en.htm}"
}

%35
@manual{Unesco1,
  title =	 {{Intersectoral mid-term strategy on languages and multilingualism (Executive Board, Hundred and seventy-sixth session, 176 EX/INF.15 )}},   
  year =	 2007,
  address =	 "Paris",
  note = " UNESCO. Internet, 25/01/2012 - \url{http://unesdoc.unesco.org/images/0015/001503/150335e.pdf}"
}

%34
@techreport{EC3,
  title =	 {{ The size of the language industry in the EU, Studies on translation and multilinguism}},
  year =	 2009,
  author =	 "Adriane Rinsche and Nadia Portera-Zanotti",
  institution = "Comissão Europeia, Direção Geral da Tradução (European Commission, Directorate-General for Translation)",
  address =	 "Language Technology Centre, United Kingdom",
  note =	"Internet, 25/01/2012 - \url{http://ec.europa.eu/dgs/translation/publications/studies}"
}

%47
@Article{zar1,
  author =	 {Jerrold H. Zar},
  title =	 {{Candidate for a Pullet Surprise}},
  journal =	 {The Journal of Irreproducible Results},
  year =	 1994,
  pages =	 13,
}



%26
@Misc{observatorio,
  title =	 {{ Dados Estatísticos - Falantes de Português}},
  note = " Observatório da Língua Portuguesa. Internet, 25/01/2012 - \url{http://observatorio-lp.sapo.pt/pt/dados-estatisticos/falantes-de-portugues}"
}

%17
@book{ethnologue,
  editor =	{M. Paul Lewis},
  title =	 {{Ethnologue: Languages of the World}},
  edition = {Sixteenth},
  year =	 2009,
  note =	"Ethnologue. Internet, 25/01/2012 - \url{http://www.ethnologue.com}"
}

%43
@Misc{stat1,
  title =      {{Demography and Population: International Migration Database}},
  note =		"Organização para a Cooperação e o Desenvolvimento Económico - OCDE 
  (Organisation for Economic Co-operation and Development - OECD). 
  Internet, 25/01/2012 - \url{http://stats.oecd.org}"
}

%2
@Misc{linha,
  title =	 {{Comunidade Lusófona}},
  note = "Portugal em Linha. Internet, 25/01/2012 - \url{http://www.portugal-linha.pt}"
}

%27
@Book{andrade,
  editor =	 "Ernesto d'Andrade and Dulce Pereira and Maria Ant\'{o}nia Mota",
  title =	 {{Crioulos de Base Portuguesa}},
  year =	 1999,
  publisher = {APL},
  address =	 {Lisboa}
}

%3
@Misc{camoes,
  title =	 {{Centro Virtual Camões}},
  note =
                  "Instituto Camões. Internet, 25/01/2012 - \url{http://cvc.instituto-camoes.pt/index.php}"
}

%31
@Article{cintra,
  author =	 "Luís Lindley Cintra ",
  title =	 {{Nova proposta de classificação dos dialectos galego-portugueses}},
  journal = {Boletim de Filologia, 22},
  publisher = {Centro de Estudos Filológicos},
  address =	 {Lisboa},
  year =	 1999,
  pages =    {81-116},
}

%18
@Misc{gulbenkian,
  title =	 {{Programas Gulbenkian - Língua Portuguesa}},
  note = "Fundação Calouste Gulbenkian. Internet, 25/01/2012 - 
                  \url{http://www.gulbenkian.pt/section63artId103langId1.html}"
}

%19
@Misc{gulbenkian2,
  title =	 {{Projecto Gulbenkian - Diversidade Linguística na Escola Portuguesa}},
  note = "Fundação Calouste Gulbenkian. Internet, 25/01/2012 - 
                  \url{http://www.gulbenkian.pt/section54artId483langId1.html}"
}

%4
@Misc{census,
  title =	 {{Censos 2001}},
  note = "Instituto Nacional de Estatística. Internet, 25/01/2012 - 
                  \url{http://censos.ine.pt}"
}


%16 - 
@Misc{camoes2,
  title =	 {{Missão do Instituto Camões}},
  note = "Instituto Camões. Internet, 26/01/2012 - 
			\url{http://www.instituto-camoes.pt/informacao-institucional/quem-somos}"
}

%5 - 
@Misc{stat7,
  title =	 {{Most Used Languages on Twitter}},
  note =
                  "Semiocast. Internet, 17/02/2012 - \url{www.semiocast.com/downloads/Semiocast_Half_of_messages_on_Twitter_are_not_in
_English_20100224.pdf}"
}

%6
@Misc{twtrcon,
  title =	 {{Internet world users by language - Top 10 languages}},
  note =
                  "Internet World Stats. Internet, 25/01/2012 - \url{http://www.internetworldstats.com/stats7.htm}"
}

%7
@Misc{statop20,
  title =	 {{Top 20 countries with the highest number of internet users}},
  note =
                  "Internet World Stats. Internet, 25/01/2012 - \url{http://www.internetworldstats.com/top20.htm}"
}

%9
@Misc{stat4,
  title =	 {{Internet users in Europe}},
  note =
                  "Internet World Stats. Internet, 25/01/2012 - \url{http://www.internetworldstats.com/stats4.htm}"
}

%10
@Misc{stat15,
  title =	 {{Internet users in South America}},
  note =
                  "Internet World Stats. Internet, 25/01/2012 - \url{http://www.internetworldstats.com/stats15.htm}"
}

%8
@Misc{mybroadband,
  author = {{Rudolph Muller}},
  title =	 {{Internet in Brazil booms}},
  note =
                  "Mybroadband. Internet, 25/01/2012 - \url{http://mybroadband.co.za/news/internet/15031-Internet-access-Brazil-booms.html}"
}

%11
@Misc{pordata,
  title =	 {{Pordata - Base de dados Portugal contemporâneo}},
  note =
                  "Pordata. Internet, 25/01/2012 - \url{http://www.pordata.pt}"
}

%12
@Misc{umic,
  title =	 {{Legislação - Acessibilidade a cidadãos com necessidades especiais}},
  note =
                  "UMIC - Agência para a Sociedade do Conhecimento, Ministério da Ciência, Tecnologia e Ensino Superior. 
				  Internet, 25/01/2012 - \url{http://www.umic.pt/index.php?option=com_content&task=view&id=2777&Itemid=40}"
}

%40
@Misc{spi1,
  title =	 {{Top 5 Search Engines}},
  year =	 2012,
  note =
                  "Internet, 17/02/2012 - \url{http://gs.statcounter.com/#search_engine-ww-monthly-201111-201201}"
}

%45
@Misc{pc1,
  title =	 {{Google Rolls out Semantic Search Capabilities}},
  author =	 "Juan Carlos Perez",
  publisher =	 "PCWorld",
  year =	 2009,
  note =
                  "PCWorld. Internet, 26/01/2012 - \url{http://www.pcworld.com/businesscenter/article/161869/google_rolls_out_semantic_search_capabilities.html}"
}

%41 %42
@InProceedings{bleu1,
  author =	 {Kishore Papineni and Salim Roukos and Todd Ward and Wei-Jing Zhu},
  title =	 {{BLEU: A Method for Automatic Evaluation of Machine Translation}},
  booktitle =	 {Proceedings of the 40th Annual Meeting of ACL},
  year =	 2002,
  pages = 	{311-318},
  address =	 {Philadelphia, PA},
}


@InProceedings{branco,
  author =	 {Ant\'{o}nio Branco and Francisco Costa and Filipe Nunes},
  title =	 {{The Processing of Verbal Inflection Ambiguity: Characterization of the Problem Space}},
  booktitle =	 {Actas do XXI Encontro Anual da Associa\c{c}\~{a}o Portuguesa de Lingu\'{i}stica},
  year = 2007,
  pages = {157-168},
}

@Misc{portoeditoraonline,
  title =	 {{Dicion\'{a}rio Online. Porto Editora}},
  note =
                  "Internet, 26/01/2012 - \url{http://www.portoeditora.pt/alp/dol/dicionarios-online}"
}

@Misc{lxcenter,
  title =	 {{LX-Center - Language Resources and Technology for Portuguese}},
  note =
                  "Internet, 26/01/2012 - \url{http://lxcenter.di.fc.ul.pt}"
}

@Misc{xisque,
  title =	 {{XisQu\^{e} - Resposta a Perguntas na Web Portuguesa}},
  note =
                  "Internet, 26/01/2012 - \url{http://xisque.di.fc.ul.pt}"
}

@Misc{multiwordnet,
  title =	 {{MultiWordnet.PT}},
  note =
                  "Internet, 26/01/2012 - \url{http://mwnpt.di.fc.ul.pt}"
}

@Misc{wordnetpt,
  title =	 {{WordNet.PT}},
  note =
                  "Internet, 26/01/2012 - \url{http://www.clul.ul.pt/clg/eng/wordnetpt}"
}

%22
@Misc{aeiou,
  title =	 {{AEIOU - Motor de Busca}},
  note =
                  "Internet, 26/01/2012 - \url{http://www.aeiou.pt}"
}
%25
@Misc{sapo,
  title =	 {{Sapo - Motor de Busca}},
  note =
                  "Internet, 26/01/2012 - \url{http://www.sapo.pt}"
}

%23
@Misc{colossus,
  title =	 {{Colossus - Directory of Search Engines}},
  note =
                  "Internet, 26/01/2012 - \url{http://www.searchenginecolossus.com/Portugal.html}"
}

%21
@Misc{achei,
  title =	 {{Achei - Motor de Busca}},
  note =
                  "Internet, 26/01/2012 - \url{http://www.achei.com.br}"
}

%24
@Misc{busca,
  title =	 {{Gigabusca - Motor de Busca}},
  note =
                  "Internet, 26/01/2012 - \url{http://www.gigabusca.com.br}"
}

%39
@InProceedings{neto,
  author =	 {Nelson Neto and Carlos Patrick and Aldebaro Klautau and Isabel Trancoso},
  title =	 {{Free tools and resources for Brazilian
\newblock Portuguese speech recognition}},
  booktitle =	 {Journal of the Brazilian Computer Society, 17:1},
  year =	 2011,
   pages = 	{53-68},
}

%13
@Misc{cintil,
  title =	 {{Concordanciador CINTIL online (CINTIL online concordancer)}},
  note = 
                  "Universidade de Lisboa. Internet, 26/01/2012 - \url{http://cintil.ul.pt}"
}

%14
@Misc{linguateca,
  title =	 {{Linguateca}},
  note =
                  "Internet, 26/01/2012 - \url{http://www.linguateca.pt}"
}

%15
@Misc{porsimples,
  title =	 {{Simplificação Textual do Português para Inclusão e Acessibilidade Digital}},
  note =
                  "PorSimples. Internet, 26/01/2012 - \url{caravelas.icmc.usp.br/wiki/index.php/English}"
}

%29 
@Book{cardeira,
  author =	 {Esperança Cardeira},
  title =	 {{O Essencial sobre a História do Português}},
  year =	 2006,
  publisher = {Editorial Caminho},
  address =	 {Lisboa}
}

%46
@Book{pinto,
  author =	 {Paulo F. Pinto},
  title =	 {{ Novo Acordo Ortográfico da Língua Portuguesa}},
  year =	 2009,
  publisher = {INCM},
  address =	 {Lisboa}
}

%36
@Book{jurafsky-martin01,
  author = 	 {Daniel Jurafsky and James H. Martin},
  title = 	 {{Speech and Language Processing (2nd Edition)}},
  publisher = 	 {Prentice Hall},
  year = 	 {2009}
}

%38
@Book{manning-schuetze1,
  author = 	 {Christopher D. Manning and Hinrich Schütze},
  title = 	 {{Foundations of Statistical Natural Language Processing}},
  publisher = 	 {MIT Press},
  year = 	 {1999}
}

%20
@Misc{lt-world1,
  title = 	 {{Language Technology World (LT World)}},
  note =
                  "Internet, 27/01/2012 - \url{http://www.lt-world.org/}"
}

%32
@Book{lt-survey1,
  editor = 	 {Ronald Cole and Joseph Mariani and Hans Uszkoreit and Giovanni Battista Varile and Annie Zaenen and Antonio Zampolli},
  title = 	 {{Survey of the State of the Art in Human Language Technology (Studies in Natural Language Processing)}},
  publisher = 	 {Cambridge University Press},
  year = 	 {1998}
}

%37
@InProceedings{euro1,
  author =	 {Philipp Koehn and Alexandra Birch and Ralf Steinberger},
  title =	 {{462 Machine Translation Systems for Europe}},
  booktitle =	 {Proceedings of MT Summit XII},
  year =	 2009
}

@Book{carstensen-etal1,
  editor =    {Kai-Uwe Carstensen and Christian Ebert and Cornelia Ebert and 
                Susanne Jekat and Hagen Langer and Ralf Klabunde},
  title =     {{Computerlinguistik und Sprachtechnologie: Eine Einführung 
                (Computational Linguistics and Language Technology: An 
                Introduction)}},
  publisher = {Spektrum Akademischer Verlag},
  year =      {2009},
}

@Book{lwpgerman,
  author =    {Aljoscha Burchard and Markus Egg and Kathrin Eichler
                and Brigitte Krenn and Jörn Kreutel and Annette
                Leßmöllmann and Georg Rehm and Manfred Stede and
                Hans Uszkoreit and Martin Volk},
  title =     {{Die Deutsche Sprache im Digitalen Zeitalter -- The
                German Language in the Digital Age}},
  publisher = {Springer},
  year =      2012,
  series =    {META-NET White Paper Series. Georg Rehm and Hans 
                Uszkoreit (Series Editors)}
}

@Article{rehm2011,
  author =  {Georg Rehm and Hans Uszkoreit},
  title =   {Multilingual {Europe}: {A} challenge for language tech},
  journal = {MultiLingual},
  year =    2011,
  volume =  22,
  number =  3,
  pages =   {51--52},
  month =   {April/May}
}
>>>>>>> 2c1efcc717ad080eebb2ad5d6cd8f47904feb3b3
