@Misc{ EiPolkua,
    author = "Antti Arppe",
    year = "2002",
    title = "Ei yhtä ainoaa polkua -- Suomalaisia kokemuksia matkalla kieliteknologisesta tutkimuksesta liiketoimintaan",
    note = "\url{http://www.csc.fi/euromap/artikkelit/arppe.phtml.fi}"
}

@Misc{ NoPath,
    author = "Antti Arppe",
    year = "2002",
    title = "No Single Path -- Finnish Lessons in the Commercialization of Language Technology Research",
    note = "Available originally at \url{http://www.hltcentral.org/page-969.shtml}"
}

@Misc{ FinExp,
    author = "Antti Arppe",
    year = "2003",
    title = "What has worked and what hasn't in commercializing language technology --
      a Finnish experience",
    note = "Presentation available at \url{http://www.ilsp.gr/hope_files/en/imerida27_03_03.htm}"
}

@Book{ Leading,
    editor = "Krister Lindén and Kimmo Koskenniemi and Torbjørn Nordgård",
    year = "2007",
    title = "Expert Panel Report: The Nordic Countries -- A Leading Region
             in Language Technology",
    publisher = "University of Helsinki, Department of General Linguistics",
    note = "\url{http://www.ling.helsinki.fi/laitos/julkaisut/sprakvisreport.pdf}"
}

@InProceedings{ BLEU,
    author = "Kishore Papineni and Salim Roukos and Todd Ward and Wei-Jing Zhu",
    year = "2002",
    title = "{BLEU}: A Method for Automatic Evaluation of Machine Translation",
    booktitle = "Proceedings of the 40th Annual Meeting of {ACL}",
    address = "Philadelphia, PA"
}

@Proceedings{ EC-prefer,
    organization = "European Commission Directorate-General Information Society and Media",
    title =  "User language preferences online",
    series = "Flash Eurobarometer",
    number = "313",
    year = "2011",
    note = "\url{http://ec.europa.eu/public_opinion/flash/fl_313_en.pdf}"
}

@Proceedings{ EC-multi,
    organization = "European Commission",
    title = "Multilingualism: an asset for Europe and a shared commitment",
    address = "Brussels",
    year = "2008",
    note = "\url{http://ec.europa.eu/languages/pdf/comm2008_en.pdf}"
}

@Proceedings{ EC-size,
    organization = "European Commission Directorate-General for Translation",
    title = "Size of the language industry in the EU",
    address = "Kingston Upon Thames",
    year = "2009",
    note = "Listed at \url{http://ec.europa.eu/dgs/translation/publications/studies}"
}


@Book{ Tulevaisuus2009,
    author = "Auli Hakulinen et al.",
    year = "2009",
    title = "Suomen kielen tulevaisuus -- Kielipoliittinen toimintaohjelma",
    publisher = "Kotimaisten kielten tutkimuskeskus",
    series = "Kotimaisten kielten tutkimuskeskuksen verkkojulkaisuja",
    number = "7",
    pages = "186--187",
    note = "\url{http://scripta.kotus.fi/www/verkkojulkaisut/julk7/suomen_kielen_tulevaisuus_kotus_verkkojulkaisuja_7.pdf}"
}

@Misc{ hum-ulko,
    key = "hum",
    title = "Linkkejä ulkopuolelle [links to Finnish in universities]",
    howpublished = "\url{http://www.helsinki.fi/hum/skl/linkit.htm#ulko}"
}

@Misc{ Education,
    author = "Finnish National Board of Education",
    title = "Higher Education",
    howpublished = "\url{http://www.oph.fi/english/education/higher_education}"
}

@Misc{ Literacy,
    author = "Finnish National Board of Education",
    title = "Literacy in Finland",
    howpublished = "\url{http://www.oph.fi/english/sources_of_information/pisa/literacy_in_finland}"
}

@Misc{ LoppuFENIX,
    title = "{FENIX} -- Interactive Computing (loppuraportti)",
    year = "2007",
    author = "Tekes",
    note = "\url{www.tekes.fi/fi/document/42919/fenix_arviointi_pdf}"
}

@Misc{ FinalFENIX,
    title = "{FENIX} -- Interactive Computing (final report)",
    year = "2007",
    author = "Tekes",
    note = "\url{www.tekes.fi/en/document/43003/fenix_interactive_computing_pdf}"
}

@Misc{ Board,
    author = "Finnish Board of Education",
    howpublished = "\url{http://www.oph.fi/english/sources_of_information/pisa}"
}

@Misc{ natlibstat,
    key = "stats",
    title = "Statistics about The National Library of Finland",
    year = "2011",
    month = "May",
    note = "\url{http://www.nationallibrary.fi/infoe/statistics.html}"
}

@Misc{ OECD2010,
    key = "OECD 2010",
    title = "{OECD}:n maatutkintaraportti 2010, 119, Better Regulation in Europe:
             Finland",
    note = "\url{http://www.oecd.org/document/9/0,3343,en_2649_34141_45056137_1_1_1_1,00.html}"
}

@Misc{ OECD-mobile,
    key = "OECD 2010",
    title = "{OECD} Terrestrial mobile wireless broadband subscriptions per 100 inhabitants,
             by technology",
    year = "2010",
    month = "June",
    note = "\url{http://www.oecd.org/}"
}

@Misc{ OECD-wired,
    key = "OECD 2010",
    title = "{OECD} Fixed (wired) broadband subscriptions per 100 inhabitants, by
             technology",
    year = "2010",
    month = "June",
    note = "\url{http://www.oecd.org/}"
}

@Misc{ OECD-ICT,
    key = "OECD 2010",
    title = "{OECD}, {ICT} database and Eurostat, Community Survey on {ICT} usage in households
             and by individuals",
    month = "July",
    year = "2010",
    note = "\url{http://www.oecd.org/}"
}

@Article{ Google-rolls,
    author = "Juan Carlos Perez",
    title = "Google rolls out semantic search capabilities",
    journal = "PC World",
    year = "2009",
    month = "March",
    howpublished = "\url{http://www.pcworld.com/businesscenter/article/161869/google_rolls_out_semantic_search_capabilities.html}"
}

@Misc{ Pisa2006,
    key = "Pisa 2006",
    title = "The Finnish PISA 2006 pages",
    howpublished = "\url{http://www.pisa2006.helsinki.fi/}"
}

@Incollection{ Piehl2008,
    author = "Aino Piehl",
    year = "2008",
    title = "Virkamiehet EU:n säädösvalmistelussa: tasapainoilua oman
             kielen ja työkielten välissä",
    editor = "Richard Foley and Tarja Salmi-Tolonen and Iris Tukiainen and Birgitta Vehmas",
    booktitle = "Kielen ja oikeuden kohtaamisia",
    pages = "273–282",
    publisher = "Talentum",
    address = "Helsinki",
    note = "(A related abstract in English:
             \url{http://www.kotus.fi/index.phtml?l=en&s=3079}.)"
}

@Book{ Sitra1998,
    author = "Marjo Rauhala-Hayes and Päivi Topo and Anna-Liisa Salminen",
    year = "1998",
    title = "Kohti esteetöntä tietoyhteiskuntaa",
    publisher = "{SITRA}",
    note = "\url{http://www.sitra.fi/julkaisut/tietoyhteiskunta/sitra172.pdf}"
}

@Misc{ Spiegel,
    key = "Spiegel",
    title = "Google zieht weiter davon",
    publisher = "Spiegel online",
    year = "2009",
    note = "\url{http://www.spiegel.de/netzwelt/web/0,1518,619398,00.html}"
}

@Misc{ SVT,
    title = "Suomen virallinen tilasto ({SVT}): Tavaroiden tuonti, vienti ja kauppatase
             maanosittain, maaryhmittäin ja maittain [verkkojulkaisu]",
    address = "Helsinki",
    author = "Tullihallitus",
    year = "2010",
    note = "\url{http://www.stat.fi/til/ttvkmmm/index.html} [viitattu 13.10.2011]"
}

@Misc{ SVT-kaa,
    title = "Suomen virallinen tilasto ({SVT}): Tieto- ja viestintätekniikan käyttö
             [verkkojulkaisu]",
    ISSN = "1799-3504.2010",
    address = "Helsinki",
    author = "Tilastokeskus",
    year = "2010",
    note = "\url{http://tilastokeskus.fi/sutivi_2010_2010_10-26_tie_001_fi.html  [viitattu 13.5.2010]}"
}

@Misc{ topsites,
    key = "topsites",
    title = "Top sites in Finland",
    howpublished = "\url{http://www.alexa.com/topsites/countries/FI}"
}

@Misc{ UN-mid,
   author = "{UNESCO} Director-General",
   title = "Intersectoral mid-term strategy on languages and multilingualism",
   address = "Paris",
   year = "2007",
   note = "\url{http://unesdoc.unesco.org/images/0015/001503/150335e.pdf}"
}

@Book{ LoppuUSIX,
   author = "Tekes",
   title = "{USIX} -- Uusi käyttäjäkeskeinen tietotekniikka 1999--2003: loppuraportti",
   year = "2003",
   type = "Loppuraportti",
   publisher = "Tekes",
   note = "\url{www.tekes.fi/fi/document/43297/usix_loppuraportti_pdf}"
}

@Misc{ Vision,
   key = "META-NET",
   title = "The future European multilingual information society:
            vision paper for a strategic research agenda",
   note = "\url{http://www.meta-net.eu/vision/reports/meta-net-vision-paper.pdf}"
}

@Article{ Surprise,
   author = "Jerrold H. Zar",
   year = "1994",
   title = "Candidate for a Pullet Surprise",
   journal = "Journal of Irreproducible Results",
   volume = "39",
   number = "1",
   month = "January/February",
   pages = "13",
   note = "\url{http://www.jir.com/pullet.html} (first verse)"
}

@Book{lwpgerman,
  author =      {Aljoscha Burchard and Markus Egg and Kathrin Eichler and Brigitte Krenn and Jörn Kreutel and Annette Leßmöllmann and Georg Rehm and Manfred Stede and Hans Uszkoreit and Martin Volk},
  title =  {{Die Deutsche Sprache im Digitalen Zeitalter -- The German Language in the Digital Age}},
  publisher =   {Springer},
  year =         2012,
  series =         {META-NET White Paper Series. Georg Rehm and Hans Uszkoreit (Series Editors)}
}
