@Misc{ Meta1,
  publisher =	 {Aljoscha Burchardt and Georg Rehm and Felix Sasaki},
  title =	 {The Future European Multilingual Information Society
                  - Vision Paper for a Strategic Research Agenda (Ateities Europos daugiakalbė informacinė visuomenė – strateginių tyrimų vizija)},
  institution =	 {META-NET},
  year =	 2011,
  note =
                  "\newline\url{http://www.meta-net.eu/vision/reports/meta-net-vision-paper.pdf}",
}

@Misc{ EC1,
  publisher =	 "European Commission Directorate-General Information Society and Media 
  (Europos Komisijos Informacinės visuomenės ir žiniasklaidos generalinis direktoratas)",
  title =	 "{User Language Preferences Online (Vartotojo kalbos pasirinkimas internete)}",
  series =	 "Flash Eurobarometer",
  number =	 313,
  year =	 2011,
  note =
                  "\newline\url{http://ec.europa.eu/public_opinion/flash/fl_313_en.pdf}"
}

@Misc{ EC2,
  publisher =	 "European Commission (Europos Komisija)",
  title =	 "{Multilingualism: an Asset for Europe and a Shared Commitment 
				(Daugiakalbystė – Europos turtas ir bendras rūpestis)}",
  year =	 2008,
  address =	"Brussels",
  note =
                  "\url{http://ec.europa.eu/languages/pdf/comm2008_en.pdf}",
}

@Misc{ Unesco1,
  title =	 "{Intersectoral Mid-term Strategy on Languages and Multilingualism 
				(Tarpsektorinė kalbų ir daugiakalbystės strategija)}",
  year =	 2007,
  address =	 "Paris",
  publisher =	 "UNESCO Director-General",
  note =
                  "\url{http://ec.europa.eu/dgs/translation/publications/studies}",
}

@Misc{ EC3,
  title =	 "{Size of the language industry in the EU (Kalbos industrijos mastas Europos Sąjungoje)}",
  year =	 2009,
  address =	 "Kingston Upon Thames",
  publisher =	 "European Commission Directorate-General for Translation
				(Europos Komisijos Vertimų generalinis direktoratas)",
  note =
                  "\newline\url{http://ec.europa.eu/dgs/translation/publications/studies}"
}

@Book{nbi1,
  author = 	 {Loreta Vaicekauskienė},
  title = 	 {Naujieji lietuvių kalbos svetimžodžiai (New Borowings in Lithuanian)},
  publisher = 	 {Lietuvių kalbos institutas (Institute of the Lithuanian Language)},
  year = 	 {2007},
  pages =	 {227}
}

@Book{nbi2,
  author = 	 {Loreta Vaicekauskienė},
  title = 	 {Naujieji lietuvių kalbos svetimžodžiai (New Borowings in Lithuanian)},
  publisher = 	 {Lietuvių kalbos institutas (Institute of the Lithuanian Language)},
  year = 	 {2007},
  pages =	 {100 - 102}
}

@Misc{ ldrt,
  note =	 "{Source: Lietuvos radijo ir televizijos Licencijavimo ir kontrolės skyrius
  (Licensing and Control Department, Radio and Television Commission of Lithuania)}"
}

@Misc{ bbsc,
  note =	 "{Source: Nacionalinės Martyno Mažvydo bibliotekos Bibliografijos ir knygotyros centras (Bibliography and Book Science Centre, Martynas Mažvydas National Library of Lithuania)}"
}

@Misc{ smm1,
  publisher =	 "Lietuvos Respublikos švietimo ir mokslo ministerija
				(Ministry of Education and Science of the Republic of Lithuania)",
  title =	 "{Lietuvos švietimas. Tik faktai (Education in Lithuania)}",
  pages =	 17,
  year =	 2010,
  note =
                  "\newline\url{http://www.smm.lt/svietimo_bukle/docs/apzvalgos/Lietuvos\%20svietimas\%202010.pdf}"
}

@Misc{ smm2,
  publisher =	 "Lietuvos Respublikos švietimo ir mokslo ministerija
				(Ministry of Education and Science of the Republic of Lithuania)",
  title =	 "{Bendrosios 2008 m. nacionalinio 6 ir 10 klasių mokinių pasiekimų tyrimo išvados (The general findings of the 2008 national 6th and 10th grade student achievement test)}",
  pages =	 1,
  year =	 2008,
  note =	 "\url{http://www.smm.lt/svietimo_bukle/docs/tyrimai/nmp/2008\%20metu\%20pagrindines\%20tyrimo\%20isvados.pdf}"
}

@Misc{ nec1,
  publisher =	 "Nacionalinis egzaminų centras (National Examination Centre)",
  title =	 "{Tarptautinis penkiolikmečių tyrimas. Programme for International Student Assesment OECD PISA 2009}",
  pages =	 64,
  year =	 2010,
  note =	 "\url{http://www.nec.lt/failai/1810_PISA_Rezultatai.pdf}"
}


@Misc{ nec2,
  publisher =	 "Nacionalinis egzaminų centras (National Examination Centre)",
  title =	 "{Tarptautinio skaitymo gebėjimų tyrimo ataskaita (Progress in International Reading Literacy Study)}",
  pages =	 12,
  year =	 2007,
  note =	 "\url{http://www.smm.lt/svietimo_bukle/docs/tyrimai/sb/PIRLS_ataskaita.pdf}"
}

@Misc{ smm5,
  publisher =	 "Lietuvos Respublikos švietimo ir mokslo ministerija
				(Ministry of Education and Science of the Republic of Lithuania)",
  title =	 "{Lietuvių kalbos ugdymo bendrojo lavinimo programas vykdančiose mokyklose 2010–2014 metų strategija
				(The Strategy for Teaching the Lithuanian Language in Comprehensive Schools in 2010–2014)}",
   year =	 2010,
  note =	 "\newline\url{http://www.smm.lt/ugdymas/docs/Lietuviu\%20kalbos\%20strategija\%20(1).pdf}"
}

@Misc{ stat,
  publisher =	 "Lietuvos Respublikos Statistikos departamentas (Lithuanian Department of Statistics)",
  title =	 "{16–74 m. amžiaus asmenys, kurie naudojosi kompiuteriu, internetu (Computer and internet users aged 16 to 74)}",
  year =	 2011,
  note =	 "\url{http://db1.stat.gov.lt/statbank/selectvarval/saveselections.asp}"
}

@Misc{ invest,
  publisher =	 "Investuok Lietuvoje",
  title =	 "{Investuok Lietuvoje (Invest Lithuania)}",
  note =	 "\newline\url{http://www.investlithuania.com/lt/investuok/isvystyta-infrastruktura}"
}

@Misc{ esparama,
  publisher =	 "Lietuvos Respublikos finansų ministerija (Ministry of Finance of the Republic of Lithuania)",
  title =	 "{2007–2013 m. Ekonomikos augimo veiksmų programa (The economy growth action programme for 2007–2013)}",
  note =	 "\url{http://www.esparama.lt/es_parama_pletra/failai/fm/teises_aktai/Stebesenos_komiteto_nutarimai/VP2-2009-05-14.pdf}"
}

@Article{ zar1,
  author =	 {Jerrold H. Zar},
  title =	 {Candidate for a Pullet Surprise},
  journal =	 {Journal of Irreproducible Results},
  year =	 1994,
  pages =	 13
}

@Article{ spi1,
    title = 	"{Google zieht weiter davon}",
    journal =	"Spiegel Online",
    year =	2009,
    note = 	"\newline\url{http://www.spiegel.de/netzwelt/web/0,1518,619398,00.html}"
}

@Misc{ pc1,
  title =	 "{Google Rolls out Semantic Search Capabilities}",
  author =	 "Juan Carlos Perez",
  publisher =	 "PCWorld",
  year =	 2009,
  note =    "\newline\url{http://www.pcworld.com/businesscenter/article/161869/google_rolls_out_semantic_search_capabilities.html}"
}

@Misc{ vertvdu,
  publisher =	 "IVP Partners",
  title =	 "{Mašininio (automatinio) vertimo sistema (English–Lithuanian machine translation)}",
  note =	 "\url{http://vertimas.vdu.lt}"
}



@Misc{ mvlab,
  publisher =	 "Lietuvių kalbos institutas, UAB Tilde",
  title =	 "{Mašininio vertimo laboratorija (Machine Translation Laboratory)}",
  note =	 "\url{http://mvlab.lki.lt}"
}

@Misc{ tekstynas,
  publisher =	 "Vytauto Didžiojo universiteto Kompiuterinės lingvistikos centras (Centre of Computational Linguistics, Vytautas Magnus University)",
  title =	 "{Dabartinės lietuvių kalbos tekstynas (Corpus of the Contemporary Lithuanian Language)}",
  note =	 "\newline\url{http://tekstynas.vdu.lt/tekstynas/}"
}

@Misc{ coralit,
  publisher =	 "Vilniaus universitetas (Vilnius University)",
  title =	 "{CorALit: Lietuvių mokslo kalbos tekstynas (CorALit: the Corpus of Academic Lithuanian)}",
  note =	 "\newline\url{http://coralit.lt}"
}

@InProceedings{bleu1,
  author =	 {Kishore Papineni and Salim Roukos and Todd Ward and
                  Wei-Jing Zhu},
  title =	 {{BLEU: A Method for Automatic Evaluation of Machine
                  Translation (BLEU: Eine Methode für die automatische
                  Evaluierung von maschineller Übersetzung)}},
  booktitle =	 {Proceedings of the 40th Annual Meeting of ACL},
  year =	 2002,
  address =	 {Philadelphia, PA},
}

@InProceedings{euro1,
  author = 	 {Philipp Koehn and Alexandra Birch and Ralf Steinberger},
  title = 	 {462 Machine Translation Systems for Europe},
  OPTcrossref =  {},
  OPTkey = 	 {},
  booktitle = {Proceedings of MT Summit XII},
  OPTpages = 	 {},
  year = 	 {2009},
  OPTeditor = 	 {},
  OPTvolume = 	 {},
  OPTnumber = 	 {},
  OPTseries = 	 {},
  OPTaddress = 	 {},
  OPTmonth = 	 {},
  OPTorganization = {},
  OPTpublisher = {},
  OPTnote = 	 {},
  OPTannote = 	 {}
}

@InProceedings{td1,
  author = 	 {Rūta Marcinkevičienė},
  title = 	 {Two Decades of Lithuanian HLT},
  OPTcrossref =  {},
  OPTkey = 	 {},
  booktitle = {Proceedings of 17th Nordic Conference of Computational Linguistics},
  OPTpages = 	 {},
  year = 	 {2009},
  OPTeditor = 	 {},
  OPTvolume = 	 {},
  OPTnumber = 	 {},
  OPTseries = 	 {},
  OPTaddress = 	 {},
  OPTmonth = 	 {},
  OPTorganization = {},
  OPTpublisher = {},
  OPTnote = 	 {},
  OPTannote = 	 {}
}

@Book{carstensen-etal1,
  editor = 	 {Kai-Uwe Carstensen and Christian Ebert and Cornelia Ebert and Susanne Jekat and Hagen Langer and Ralf Klabunde},
  title = 	 {{Computerlinguistik und Sprachtechnologie: Eine Einführung} ({Computational Linguistics and Language Technology: An Introduction})},
  publisher = 	 {Spektrum Akademischer Verlag},
  year = 	 {2009},
}


@Book{jurafsky-martin01,
  author = 	 {Daniel Jurafsky and James H. Martin},
  title = 	 {{Speech and Language Processing (2nd Edition)}},
  publisher = 	 {Prentice Hall},
  year = 	 {2009},
}

@Book{manning-schuetze1,
  author = 	 {Christopher D. Manning and Hinrich Schütze},
  title = 	 {{Foundations of Statistical Natural Language Processing}},
  publisher = 	 {MIT Press},
  year = 	 {1999},
}

@Misc{lt-world1,
  title = 	 {{Language Technology World (LT World)}},
  note =
                  "\url{http://www.lt-world.org/}",
}

@Book{lt-survey1,
  editor = 	 {Ronald Cole and Joseph Mariani and Hans Uszkoreit and Giovanni Battista Varile and Annie Zaenen and Antonio Zampolli},
  title = 	 {{Survey of the State of the Art in Human Language Technology (Studies in Natural Language Processing)}},
  publisher = 	 {Cambridge University Press},
  year = 	 {1998},
}

@Misc{airenas,
  title = 	 {{Statistiniai kalbos modeliavimo įrankiai (Statistical language modeling tools)}},
  note =
                  "\newline\url{http://donelaitis.vdu.lt/~airenas}",
}

@Book{lwpgerman,
  author =      {Aljoscha Burchardt and Markus Egg and Kathrin Eichler and Brigitte Krenn and Jörn Kreutel and Annette Leßmöllmann and Georg Rehm and Manfred Stede and Hans Uszkoreit and Martin Volk},
  title =  {{Die Deutsche Sprache im Digitalen Zeitalter -- The German Language in the Digital Age}},
  publisher =   {Springer},
  year =         2012,
  series =         {META-NET White Paper Series. Georg Rehm and Hans Uszkoreit (Series Editors)}
}

@Article{rehm2011,
  author =	 {Georg Rehm and Hans Uszkoreit},
  title =	 {Multilingual {Europe}: {A} challenge for language tech},
  journal =	 {MultiLingual},
  year =	 2011,
  volume =	 22,
  number =	 3,
  pages =	 {51--52},
  month =	 {April/May}
}

